{"gold_per_floor":[117,131,143,68,68,99,99,125,125,155,155,80,94,94,94,168,168,188,188,199,199,199,229,229,243,267,279,92,92,92,120,120,199,199,218,230,247,247,265,265,290,290,290,123,135,149,24,49,49,49,49,49,49,49,74,74],"floor_reached":57,"playtime":6859,"items_purged":["Strike_P","Strike_P+1","FlyingSleeves+1"],"score":3086,"play_id":"d66b5a40-3f03-4736-80d3-e0b4dcd69a54","local_time":"20220504180638","falling_options_log":["Halt","Adaptation+1"],"is_ascension_mode":true,"campfire_choices":[{"data":"Eruption","floor":7.0,"key":"SMITH"},{"data":"Scrawl","floor":15.0,"key":"SMITH"},{"data":"MentalFortress","floor":29.0,"key":"SMITH"},{"data":"CutThroughFate","floor":32.0,"key":"SMITH"},{"data":"Halt","floor":40.0,"key":"SMITH"},{"floor":49,"key":"RECALL"},{"data":"Adaptation","floor":53,"key":"SMITH"}],"neow_cost":"TEN_PERCENT_HP_LOSS","seed_source_timestamp":0,"shop_contents":[{"floor":12,"relics":["PreservedInsect","Oddly Smooth Stone","DollysMirror"],"cards":["Ragnarok","SignatureMove","Prostrate","PathToVictory","Nirvana","Discovery","Sadistic Nature"],"potions":["Swift Potion","ColorlessPotion","PowerPotion"]},{"floor":14,"relics":["Lantern","Calipers","Orrery"],"cards":["FlyingSleeves","JustLucky","Evaluate","Prostrate","Fasting2","Good Instincts","Violence"],"potions":["DuplicationPotion","SmokeBomb","Energy Potion"]},{"floor":28,"relics":["Orichalcum","Potion Belt","Sling"],"cards":["FlurryOfBlows","CrushJoints","Crescendo","Pray","Swift Strike","Transmutation"],"potions":["Fire Potion","Fruit Juice","Fruit Juice"]},{"floor":30,"relics":["Juzu Bracelet","Mango","Frozen Eye"],"cards":["Brilliance","WindmillStrike","Swivel","Collect","Nirvana","Dark Shackles","Panache"],"potions":["SneckoOil","BlessingOfTheForge","DistilledChaos"]},{"floor":44,"relics":["Singing Bowl","CeramicFish"],"cards":["WheelKick","ReachHeaven","Protect","Judgement","MentalFortress","Blind","Secret Technique"],"potions":["FearPotion","DuplicationPotion","FearPotion"]},{"floor":47,"relics":["Letter Opener","Mummified Hand","Strange Spoon"],"cards":["CutThroughFate","Consecrate","Protect","Indignation","LikeWater","Enlightenment","Metamorphosis"],"potions":["EssenceOfSteel","Energy Potion","Swift Potion"]},{"floor":54,"relics":["Anchor","Incense Burner","Toolbox"],"cards":["SashWhip","TalkToTheHand","ClearTheMind","Meditate","Study","Discovery","Secret Weapon"],"potions":["Dexterity Potion","FairyPotion","Regen Potion"]}],"circlet_count":0,"master_deck":["AscendersBane","Eruption+1","Vigilance","SandsOfTime+1","CutThroughFate+1","WheelKick","Halt+1","Scrawl+1","SandsOfTime+1","Adaptation+1","MentalFortress+1","TalkToTheHand","Adaptation+1","Scrawl"],"special_seed":0,"potion_use_per_floor":[[],[],[],[],[],[],[],[],[],[],[],[],[],[],[],[],[],[],[],[],[],[],["SkillPotion"],[],[],[],[],[],[],[],[],[],[],[],[],[],[],[],[],[],[],[],[],[],[],[],[],[],[],["Block Potion"],[],[],[],[],[],["Swift Potion","Swift Potion"],[]],"relics":["PureWater","Regal Pillow","Whetstone","Lizard Tail","Ancient Tea Set","Astrolabe","Enchiridion","Eternal Feather","Bag of Marbles","Bottled Flame","Cursed Key","Blue Candle","Medical Kit","Akabeko","Blood Vial"],"potions_floor_usage":[50,56,56],"damage_taken":[{"damage":0.0,"enemies":"Cultist","floor":1.0,"turns":2.0},{"damage":13.0,"enemies":"Small Slimes","floor":2.0,"turns":2.0},{"damage":0.0,"enemies":"Jaw Worm","floor":3.0,"turns":2.0},{"damage":0.0,"enemies":"Lagavulin","floor":6.0,"turns":4.0},{"damage":10.0,"enemies":"3 Sentries","floor":8.0,"turns":4.0},{"damage":0.0,"enemies":"Lagavulin","floor":10.0,"turns":4.0},{"damage":11.0,"enemies":"Exordium Thugs","floor":13.0,"turns":3.0},{"damage":2.0,"enemies":"The Guardian","floor":16.0,"turns":6.0},{"damage":0.0,"enemies":"Spheric Guardian","floor":18.0,"turns":2.0},{"damage":0.0,"enemies":"3 Byrds","floor":20.0,"turns":4.0},{"damage":6.0,"enemies":"Slavers","floor":23.0,"turns":3.0},{"damage":0.0,"enemies":"Centurion and Healer","floor":25.0,"turns":3.0},{"damage":0.0,"enemies":"Shelled Parasite and Fungi","floor":27.0,"turns":2.0},{"damage":1.0,"enemies":"Book of Stabbing","floor":31.0,"turns":3.0},{"damage":1.0,"enemies":"Champ","floor":33.0,"turns":6.0},{"damage":0.0,"enemies":"3 Darklings","floor":35.0,"turns":3.0},{"damage":0.0,"enemies":"3 Shapes","floor":36.0,"turns":2.0},{"damage":0.0,"enemies":"Maw","floor":37.0,"turns":5.0},{"damage":0.0,"enemies":"Spire Growth","floor":39.0,"turns":4.0},{"damage":0.0,"enemies":"Reptomancer","floor":41.0,"turns":4.0},{"damage":1.0,"enemies":"2 Orb Walkers","floor":42.0,"turns":3.0},{"damage":1,"enemies":"Nemesis","floor":45,"turns":5},{"damage":0,"enemies":"3 Darklings","floor":46,"turns":3},{"damage":9,"enemies":"Reptomancer","floor":48,"turns":5},{"damage":0,"enemies":"Time Eater","floor":50,"turns":6},{"damage":1,"enemies":"Awakened One","floor":51,"turns":7},{"damage":0,"enemies":"Shield and Spear","floor":55,"turns":5},{"damage":45,"enemies":"The Heart","floor":56,"turns":8}],"seed_played":"-406431441288881230","neow_bonus_log":{"cardsObtained":["SandsOfTime","DevaForm"],"cardsUpgraded":[],"cardsRemoved":[],"cardsTransformed":["Defend_P","Defend_P"],"relicsObtained":[],"maxHpGained":0,"goldGained":0,"damageTaken":0,"goldLost":0,"maxHpLost":6},"potions_obtained":[{"floor":2.0,"key":"ColorlessPotion"},{"floor":6.0,"key":"SkillPotion"},{"floor":16.0,"key":"BlessingOfTheForge"},{"floor":23.0,"key":"Block Potion"},{"floor":25.0,"key":"Swift Potion"},{"floor":55,"key":"Swift Potion"}],"is_trial":false,"path_per_floor":["M","M","M","?","?","E","R","E","T","E","?","$","M","$","R","B",null,"M","?","M","?","T","E","?","M","T","M","$","R","$","E","R","B",null,"M","M","M","?","M","R","E","?","T","$","E","M","$","E","R","B","B",null,"R","$","E","B",null],"character_chosen":"WATCHER","items_purchased":["MentalFortress","Medical Kit"],"campfire_rested":0,"item_purchase_floors":[28,44],"current_hp_per_floor":[61,48,48,48,48,48,48,38,38,38,72,72,61,61,61,59,69,69,69,69,48,48,42,42,42,42,42,42,48,48,47,53,52,67,67,67,67,67,67,72,72,71,71,71,70,70,70,61,67,67,66,71,72,72,72,27],"gold":74,"neow_bonus":"TRANSFORM_TWO_CARDS","is_prod":false,"is_daily":false,"rewards_skipped":[{"floor":10,"relics":[],"potions":["Ancient Potion"]},{"floor":18,"relics":[],"potions":["Regen Potion"]},{"floor":19,"relics":[],"potions":["Strength Potion","PowerPotion"]},{"floor":27,"relics":[],"potions":["Fire Potion"]},{"floor":36,"relics":[],"potions":["SkillPotion"]},{"floor":39,"relics":[],"potions":["Dexterity Potion"]},{"floor":41,"relics":[],"potions":["SkillPotion"]}],"chose_seed":false,"campfire_upgraded":6,"win_rate":0,"floor_exit_playtime":[174,337,446,707,785,885,893,999,1013,1094,1283,1314,1394,1405,1415,1722,1897,2014,2038,2191,2203,2213,2580,2587,2707,2738,2823,2851,2860,2873,3020,3031,3285,3457,3552,3613,3812,3864,3985,3993,4280,4659,4662,4782,5007,5149,5209,5431,5437,5711,6097,6111,6122,6132,6409,6859],"timestamp":1651701998,"blue_key_relic_skipped_log":{"floor":26,"relicID":"War Paint"},"path_taken":["M","M","M","?","?","E","R","E","T","E","?","$","M","?","R","BOSS","M","?","M","?","?","E","?","?","T","M","$","R","?","E","R","BOSS","M","M","M","?","?","R","E","?","T","?","E","M","$","E","R","BOSS","BOSS","R","$","E","BOSS"],"build_version":"2022-03-07","purchased_purges":3,"victory":true,"max_hp_per_floor":[62,62,62,62,62,62,62,62,62,62,72,72,72,72,72,72,72,72,72,72,72,72,72,72,72,72,72,72,72,72,72,72,72,72,72,72,72,72,72,72,72,72,72,72,72,72,72,72,72,72,72,72,72,72,72,72],"relic_stats":{"Regal Pillow":0,"counters":[28,110],"Astrolabe":["FlyingSleeves","SashWhip","SandsOfTime"],"Blue Candle":[3],"Eternal Feather":24,"Whetstone":["Strike_P","SandsOfTime"],"Ancient Tea Set":[12],"Cursed Key":0,"Medical Kit":[12],"Blood Vial":0,"Lizard Tail":0,"Bottled Flame":"CutThroughFate","PureWater":[25],"obtain_stats":[{"Regal Pillow":6,"Astrolabe":17,"Blue Candle":41,"Enchiridion":21,"Eternal Feather":22,"Whetstone":8,"Ancient Tea Set":10,"Cursed Key":34,"Medical Kit":44,"Akabeko":48,"Blood Vial":55,"Lizard Tail":9,"Bottled Flame":31,"Bag of Marbles":23,"PureWater":0},{"Regal Pillow":4,"Astrolabe":8,"Blue Candle":20,"Enchiridion":10,"Eternal Feather":10,"Whetstone":5,"Ancient Tea Set":6,"Cursed Key":15,"Medical Kit":21,"Akabeko":24,"Blood Vial":27,"Lizard Tail":5,"Bottled Flame":14,"Bag of Marbles":11,"PureWater":0},{"Regal Pillow":10,"Astrolabe":27,"Blue Candle":68,"Enchiridion":33,"Eternal Feather":33,"Whetstone":14,"Ancient Tea Set":18,"Cursed Key":50,"Medical Kit":71,"Akabeko":84,"Blood Vial":102,"Lizard Tail":14,"Bottled Flame":44,"Bag of Marbles":36,"PureWater":0}]},"card_choices":[{"not_picked":["Halt","WreathOfFlame"],"picked":"CutThroughFate","floor":1.0},{"not_picked":["Study","EmptyBody"],"picked":"WheelKick","floor":2.0},{"not_picked":["ClearTheMind","Consecrate"],"picked":"Crescendo","floor":3.0},{"not_picked":["Prostrate","Crescendo","Alpha"],"picked":"SKIP","floor":6.0},{"not_picked":["FlyingSleeves","Weave","WreathOfFlame"],"picked":"SKIP","floor":8.0},{"not_picked":["DevaForm","Protect"],"picked":"Scrawl","floor":10.0},{"not_picked":["Crescendo","Halt","Protect"],"picked":"SKIP","floor":13.0},{"not_picked":["SashWhip","LikeWater"],"picked":"Adaptation+1","floor":18.0},{"not_picked":["Nirvana","Halt","LikeWater"],"picked":"SKIP","floor":20.0},{"not_picked":["SandsOfTime","Worship","BowlingBash"],"picked":"SKIP","floor":23.0},{"not_picked":["Perseverance","EmptyBody","CutThroughFate"],"picked":"SKIP","floor":25.0},{"not_picked":["FlyingSleeves","Crescendo","Wireheading+1"],"picked":"SKIP","floor":27.0},{"not_picked":["Evaluate","Devotion","EmptyBody"],"picked":"SKIP","floor":31.0},{"not_picked":["ClearTheMind","SashWhip","ThirdEye"],"picked":"SKIP","floor":35.0},{"not_picked":["SignatureMove+1","Swivel","Tantrum"],"picked":"SKIP","floor":36.0},{"not_picked":["ThirdEye+1","CrushJoints"],"picked":"TalkToTheHand","floor":37.0},{"not_picked":["Nirvana","ClearTheMind","FlyingSleeves"],"picked":"SKIP","floor":39.0},{"not_picked":["Consecrate","EmptyFist+1"],"picked":"Adaptation","floor":41.0},{"not_picked":["WheelKick","EmptyMind+1","JustLucky"],"picked":"SKIP","floor":45},{"not_picked":["Indignation+1","Blasphemy","LikeWater"],"picked":"SKIP","floor":46},{"not_picked":["EmptyFist+1","ForeignInfluence+1","JustLucky"],"picked":"SKIP","floor":48},{"not_picked":["Tantrum","SignatureMove"],"picked":"Scrawl","floor":55}],"player_experience":12814537,"relics_obtained":[{"floor":6.0,"key":"Regal Pillow"},{"floor":8.0,"key":"Whetstone"},{"floor":9.0,"key":"Lizard Tail"},{"floor":10.0,"key":"Ancient Tea Set"},{"floor":21.0,"key":"Enchiridion"},{"floor":22.0,"key":"Eternal Feather"},{"floor":23.0,"key":"Bag of Marbles"},{"floor":31.0,"key":"Bottled Flame"},{"floor":41.0,"key":"Blue Candle"},{"floor":48,"key":"Akabeko"},{"floor":55,"key":"Blood Vial"}],"event_choices":[{"cards_removed":["Strike_P"],"damage_healed":0.0,"max_hp_gain":0.0,"max_hp_loss":0.0,"gold_gain":0.0,"event_name":"The Cleric","player_choice":"Card Removal","floor":4.0,"gold_loss":75.0,"damage_taken":0.0},{"damage_healed":0.0,"max_hp_gain":0.0,"max_hp_loss":0.0,"gold_gain":0.0,"cards_transformed":["Defend_P"],"event_name":"Transmorgrifier","player_choice":"Transformed","floor":5.0,"gold_loss":0.0,"damage_taken":0.0,"cards_obtained":["Halt"]},{"cards_removed":["DevaForm"],"damage_healed":24.0,"max_hp_gain":10.0,"max_hp_loss":0.0,"gold_gain":0.0,"event_name":"Bonfire Elementals","player_choice":"Offered Rare","floor":11.0,"gold_loss":0.0,"damage_taken":0.0},{"damage_healed":0.0,"max_hp_gain":0.0,"max_hp_loss":0.0,"gold_gain":0.0,"event_name":"Lab","player_choice":"Got Potions","floor":19.0,"gold_loss":0.0,"damage_taken":0.0},{"damage_healed":0.0,"max_hp_gain":0.0,"max_hp_loss":0.0,"gold_gain":0.0,"event_name":"Cursed Tome","player_choice":"Obtained Book","floor":21.0,"gold_loss":0.0,"damage_taken":21.0},{"damage_healed":0.0,"max_hp_gain":0.0,"max_hp_loss":0.0,"gold_gain":0.0,"event_name":"Vampires","player_choice":"Ignored","floor":24.0,"gold_loss":0.0,"damage_taken":0.0},{"cards_removed":["SashWhip"],"damage_healed":0.0,"max_hp_gain":0.0,"max_hp_loss":0.0,"gold_gain":0.0,"event_name":"Falling","player_choice":"Removed Attack","floor":38.0,"gold_loss":0.0,"damage_taken":0.0},{"damage_healed":0.0,"max_hp_gain":0.0,"max_hp_loss":0.0,"gold_gain":0.0,"event_name":"Mysterious Sphere","player_choice":"Fight","floor":42.0,"gold_loss":0.0,"damage_taken":0.0}],"is_beta":false,"boss_relics":[{"not_picked":["SacredBark","Tiny House"],"picked":"Astrolabe"},{"not_picked":["Black Star","HolyWater"],"picked":"Cursed Key"}],"items_purged_floors":[12,28,47],"is_endless":false,"potions_floor_spawned":[2,6,10,16,18,23,25,27,36,39,41,55],"ascension_level":20}