{"gold_per_floor":[362,118,129,129,139,139,167,167,167,196,9,43,60,79,79,150,150,163,163,175,75,85,113,131,158,158,168,195,195,227,28,28,107,107,123,123,123,136,147,172,47,78,104,118,130,130,149,174,174,174,174,174,174,27,61,61],"floor_reached":57,"playtime":4578,"items_purged":["Defend_P","Strike_P","Defend_P"],"score":3559,"play_id":"d0885eec-9c41-4cf1-b8f9-486a6eec6175","local_time":"20220111175100","is_ascension_mode":true,"campfire_choices":[{"data":"Consecrate","floor":6,"key":"SMITH"},{"data":"Eruption","floor":8,"key":"SMITH"},{"data":"CrushJoints","floor":15,"key":"SMITH"},{"floor":29,"key":"REST"},{"data":"Devotion","floor":32,"key":"SMITH"},{"floor":46,"key":"RECALL"},{"data":"Vault","floor":49,"key":"SMITH"},{"data":"MentalFortress","floor":53,"key":"SMITH"}],"neow_cost":"TEN_PERCENT_HP_LOSS","seed_source_timestamp":278396726611300,"circlet_count":0,"master_deck":["AscendersBane","Strike_P+1","Strike_P+1","Eruption+1","Vigilance","Evaluate+1","Consecrate+1","InnerPeace","CutThroughFate+1","Prostrate","CrushJoints+1","Vault+1","Pray+1","Adaptation+1","Indignation+1","EmptyBody+1","FollowUp+1","EmptyMind+1","Devotion+1","MentalFortress+1","Scrawl","FollowUp+1","Prostrate+1","Wallop+1","FearNoEvil+1","WaveOfTheHand","Flash of Steel"],"relics":["PureWater","Sling","Gremlin Horn","Mercury Hourglass","Bronze Scales","Vajra","Kunai","Sozu","Ancient Tea Set","Potion Belt","InkBottle","Singing Bowl","Whetstone","OrangePellets","Runic Pyramid","FossilizedHelix","Dream Catcher","Nunchaku","Pocketwatch"],"potions_floor_usage":[7,25,56],"damage_taken":[{"damage":0,"enemies":"Jaw Worm","floor":1,"turns":3},{"damage":1,"enemies":"Cultist","floor":3,"turns":5},{"damage":0,"enemies":"Small Slimes","floor":5,"turns":2},{"damage":0,"enemies":"3 Sentries","floor":7,"turns":3},{"damage":0,"enemies":"Gremlin Nob","floor":10,"turns":2},{"damage":5,"enemies":"3 Sentries","floor":12,"turns":3},{"damage":0,"enemies":"Gremlin Gang","floor":13,"turns":3},{"damage":0,"enemies":"Looter","floor":14,"turns":2},{"damage":11,"enemies":"Hexaghost","floor":16,"turns":6},{"damage":0,"enemies":"Spheric Guardian","floor":18,"turns":2},{"damage":2,"enemies":"2 Thieves","floor":20,"turns":2},{"damage":11,"enemies":"Snake Plant","floor":22,"turns":2},{"damage":0,"enemies":"Gremlin Leader","floor":23,"turns":3},{"damage":9,"enemies":"Centurion and Healer","floor":24,"turns":4},{"damage":0,"enemies":"Book of Stabbing","floor":25,"turns":2},{"damage":0,"enemies":"Shelled Parasite and Fungi","floor":27,"turns":3},{"damage":16,"enemies":"Slavers","floor":28,"turns":3},{"damage":0,"enemies":"Gremlin Leader","floor":30,"turns":3},{"damage":0,"enemies":"Champ","floor":33,"turns":5},{"damage":10,"enemies":"3 Darklings","floor":35,"turns":5},{"damage":0,"enemies":"Orb Walker","floor":38,"turns":1},{"damage":0,"enemies":"Spire Growth","floor":39,"turns":3},{"damage":11,"enemies":"Nemesis","floor":40,"turns":5},{"damage":9,"enemies":"Reptomancer","floor":42,"turns":3},{"damage":0,"enemies":"Writhing Mass","floor":44,"turns":2},{"damage":0,"enemies":"3 Darklings","floor":45,"turns":2},{"damage":0,"enemies":"Maw","floor":47,"turns":2},{"damage":0,"enemies":"Giant Head","floor":48,"turns":2},{"damage":0,"enemies":"Donu and Deca","floor":50,"turns":4},{"damage":0,"enemies":"Awakened One","floor":51,"turns":5},{"damage":40,"enemies":"Shield and Spear","floor":55,"turns":6},{"damage":0,"enemies":"The Heart","floor":56,"turns":7}],"seed_played":"6364191507575098086","potions_obtained":[{"floor":3,"key":"SkillPotion"},{"floor":10,"key":"AttackPotion"},{"floor":13,"key":"Strength Potion"}],"is_trial":false,"path_per_floor":["M","$","M","?","M","R","E","R","T","E","$","E","M","M","R","B",null,"M","?","M","$","M","E","M","E","T","M","E","R","E","$","R","B",null,"M","?","?","M","M","E","$","E","T","M","M","R","M","E","R","B","B",null,"R","$","E","B",null],"character_chosen":"WATCHER","items_purchased":["Sling","CutThroughFate","Vajra","OrangePellets","MentalFortress","WaveOfTheHand","Flash of Steel"],"campfire_rested":1,"item_purchase_floors":[2,11,11,31,31,54,54],"current_hp_per_floor":[61,61,60,41,41,41,41,41,41,41,41,36,36,36,36,25,53,53,53,51,51,40,40,31,31,31,31,15,33,35,35,35,35,57,49,49,49,49,51,40,40,31,31,33,33,33,35,37,37,37,37,65,65,65,27,27],"gold":61,"neow_bonus":"TWO_FIFTY_GOLD","is_prod":false,"is_daily":false,"chose_seed":false,"campfire_upgraded":6,"win_rate":0,"timestamp":1641941460,"path_taken":["M","$","M","?","M","R","E","R","T","E","?","E","M","M","R","BOSS","M","?","M","$","M","E","M","E","T","?","E","R","E","?","R","BOSS","M","?","?","M","M","E","$","E","T","M","M","R","M","E","R","BOSS","BOSS","R","$","E","BOSS"],"build_version":"2020-12-22","purchased_purges":3,"victory":true,"max_hp_per_floor":[62,62,62,62,62,62,62,62,62,62,62,62,62,62,62,62,62,62,62,62,62,62,62,62,62,62,62,62,62,64,64,64,64,64,66,66,66,66,68,68,68,68,68,70,70,70,72,74,74,74,74,74,74,74,76,76],"relic_stats":{"Gremlin Horn":[29,29],"Singing Bowl":14,"counters":[32,104],"Whetstone":["CutThroughFate","Strike_P"],"Ancient Tea Set":[10],"Mercury Hourglass":[352],"Sozu":10,"OrangePellets":[7],"Dream Catcher":0,"Nunchaku":[8],"Bronze Scales":[227],"Kunai":[64],"PureWater":[24],"obtain_stats":[{"Potion Belt":25,"Gremlin Horn":7,"Singing Bowl":28,"Vajra":11,"Whetstone":30,"Sling":2,"Ancient Tea Set":23,"Mercury Hourglass":9,"Sozu":17,"OrangePellets":31,"Dream Catcher":42,"Nunchaku":48,"Bronze Scales":10,"Kunai":12,"PureWater":0,"InkBottle":26,"FossilizedHelix":40,"Runic Pyramid":34,"Pocketwatch":55},{"Potion Belt":15,"Gremlin Horn":4,"Singing Bowl":17,"Vajra":5,"Whetstone":18,"Sling":1,"Ancient Tea Set":13,"Mercury Hourglass":4,"Sozu":9,"OrangePellets":18,"Dream Catcher":24,"Nunchaku":28,"Bronze Scales":5,"Kunai":6,"PureWater":0,"InkBottle":15,"FossilizedHelix":23,"Runic Pyramid":19,"Pocketwatch":31},{"Potion Belt":43,"Gremlin Horn":13,"Singing Bowl":49,"Vajra":15,"Whetstone":52,"Sling":3,"Ancient Tea Set":37,"Mercury Hourglass":13,"Sozu":28,"OrangePellets":52,"Dream Catcher":74,"Nunchaku":82,"Bronze Scales":15,"Kunai":18,"PureWater":0,"InkBottle":43,"FossilizedHelix":71,"Runic Pyramid":57,"Pocketwatch":97}],"InkBottle":[44],"FossilizedHelix":[86],"Pocketwatch":[1]},"card_choices":[{"not_picked":["EmptyBody","ClearTheMind"],"picked":"Evaluate","floor":1},{"not_picked":["Wireheading","Evaluate"],"picked":"Consecrate","floor":3},{"not_picked":["CrushJoints","EmptyBody"],"picked":"InnerPeace","floor":7},{"not_picked":["Protect","Crescendo","EmptyBody"],"picked":"SKIP","floor":10},{"not_picked":["PathToVictory","LikeWater","EmptyFist"],"picked":"SKIP","floor":12},{"not_picked":["BowlingBash","Devotion"],"picked":"Prostrate","floor":13},{"not_picked":["Wireheading","EmptyFist"],"picked":"CrushJoints","floor":14},{"not_picked":["Devotion","Blasphemy"],"picked":"Vault","floor":16},{"not_picked":["Swivel+1","Consecrate"],"picked":"Pray+1","floor":18},{"not_picked":["FollowUp+1","WindmillStrike"],"picked":"Adaptation+1","floor":20},{"not_picked":["JustLucky","WindmillStrike"],"picked":"Indignation+1","floor":22},{"not_picked":["Consecrate","WheelKick"],"picked":"EmptyBody+1","floor":23},{"not_picked":["ThirdEye","TalkToTheHand"],"picked":"FollowUp+1","floor":24},{"not_picked":["SandsOfTime","Worship"],"picked":"EmptyMind+1","floor":25},{"not_picked":["ThirdEye","FollowUp","Protect"],"picked":"SKIP","floor":27},{"not_picked":["Omniscience","Judgement"],"picked":"Devotion","floor":28},{"not_picked":["FlyingSleeves","SandsOfTime","Crescendo"],"picked":"Singing Bowl","floor":30},{"not_picked":["LessonLearned","SpiritShield"],"picked":"Scrawl","floor":33},{"not_picked":["FlurryOfBlows+1","Halt","WindmillStrike+1"],"picked":"Singing Bowl","floor":35},{"not_picked":["Vengeance","Adaptation"],"picked":"FollowUp+1","floor":38},{"not_picked":["JustLucky","EmptyBody","WheelKick"],"picked":"Singing Bowl","floor":39},{"not_picked":["DeceiveReality+1","ClearTheMind"],"picked":"Prostrate+1","floor":40},{"not_picked":["EmptyMind","Swivel"],"picked":"Wallop+1","floor":42},{"not_picked":["Worship","ThirdEye","CrushJoints"],"picked":"Singing Bowl","floor":44},{"not_picked":["Evaluate","Consecrate"],"picked":"FearNoEvil+1","floor":45},{"not_picked":["LikeWater","SandsOfTime+1","FlyingSleeves+1"],"picked":"Singing Bowl","floor":47},{"not_picked":["CrushJoints","InnerPeace","Weave"],"picked":"Singing Bowl","floor":48},{"not_picked":["CarveReality","LessonLearned","EmptyFist"],"picked":"Singing Bowl","floor":55}],"player_experience":5905455,"relics_obtained":[{"floor":7,"key":"Gremlin Horn"},{"floor":9,"key":"Mercury Hourglass"},{"floor":10,"key":"Bronze Scales"},{"floor":12,"key":"Kunai"},{"floor":23,"key":"Ancient Tea Set"},{"floor":25,"key":"Potion Belt"},{"floor":26,"key":"InkBottle"},{"floor":28,"key":"Singing Bowl"},{"floor":30,"key":"Whetstone"},{"floor":40,"key":"FossilizedHelix"},{"floor":42,"key":"Dream Catcher"},{"floor":48,"key":"Nunchaku"},{"floor":55,"key":"Pocketwatch"}],"event_choices":[{"damage_healed":0,"gold_gain":0,"player_choice":"Entered Light","damage_taken":19,"max_hp_gain":0,"max_hp_loss":0,"event_name":"Shining Light","floor":4,"gold_loss":0,"cards_upgraded":["Strike_P","Evaluate"]},{"cards_removed":["Defend_P"],"damage_healed":0,"gold_gain":0,"player_choice":"Purged","damage_taken":0,"max_hp_gain":0,"max_hp_loss":0,"event_name":"Purifier","floor":19,"gold_loss":0},{"cards_removed":["Defend_P"],"damage_healed":0,"gold_gain":0,"player_choice":"Removed Skill","damage_taken":0,"max_hp_gain":0,"max_hp_loss":0,"event_name":"Falling","floor":36,"gold_loss":0},{"cards_removed":["Strike_P"],"damage_healed":0,"gold_gain":0,"player_choice":"Purged","damage_taken":0,"max_hp_gain":0,"max_hp_loss":0,"event_name":"Purifier","floor":37,"gold_loss":0}],"is_beta":false,"boss_relics":[{"not_picked":["Runic Dome","Velvet Choker"],"picked":"Sozu"},{"not_picked":["SacredBark","SlaversCollar"],"picked":"Runic Pyramid"}],"items_purged_floors":[2,21,41],"is_endless":false,"potions_floor_spawned":[3,10,13,14,22,23,25,30,33,35,38,42,47,48],"ascension_level":20}