{"gold_per_floor":[116,136,136,153,22,53,68,101,101,111,138,149,182,201,201,278,278,298,161,83,100,114,114,147,97,97,128,128,159,159,193,193,271,571,582,596,616,630,647,677,677,703,703,703,734,749,749,776,776,776,776,776,776,69,102,102],"floor_reached":57,"playtime":5025,"items_purged":["Defend_P","Defend_P","Defend_P","Strike_P","Strike_P"],"score":3614,"play_id":"dfaa972d-f5cd-454e-a8e0-d5804d3aed75","local_time":"20220104173945","is_ascension_mode":true,"campfire_choices":[{"data":"TalkToTheHand","floor":15,"key":"SMITH"},{"data":"Omniscience","floor":23,"key":"SMITH"},{"data":"MasterReality","floor":32,"key":"SMITH"},{"data":"Scrawl","floor":41,"key":"SMITH"},{"floor":44,"key":"RECALL"},{"data":"Scrawl","floor":47,"key":"SMITH"},{"data":"ThirdEye","floor":49,"key":"SMITH"},{"data":"ThirdEye","floor":53,"key":"SMITH"}],"neow_cost":"NONE","seed_source_timestamp":1136627638234000,"circlet_count":0,"master_deck":["AscendersBane","Strike_P+1","Eruption+1","Vigilance","TalkToTheHand","BattleHymn","Wallop+1","EmptyFist","ThirdEye+1","WaveOfTheHand","TalkToTheHand+1","Omniscience+1","FlyingSleeves+1","Tantrum","CutThroughFate","CutThroughFate+1","WheelKick","MasterReality+1","DevaForm","Weave","Scrawl+1","CurseOfTheBell","ThirdEye+1","Scrawl+1","JustLucky+1","Weave","TalkToTheHand","Study+1","TalkToTheHand+1","Tantrum+1","Dramatic Entrance"],"relics":["PureWater","Pantograph","Ancient Tea Set","Smiling Mask","Ornamental Fan","TungstenRod","Coffee Dripper","Whetstone","Dead Branch","Kunai","InkBottle","Bag of Marbles","Calling Bell","Bronze Scales","Darkstone Periapt","Old Coin","White Beast Statue","Frozen Egg 2","MealTicket","Anchor","CloakClasp","Toolbox","Yang"],"potions_floor_usage":[6,11,16,21,27,31,48,55,56,56],"damage_taken":[{"damage":2,"enemies":"Jaw Worm","floor":1,"turns":4},{"damage":0,"enemies":"Cultist","floor":2,"turns":2},{"damage":0,"enemies":"Small Slimes","floor":4,"turns":2},{"damage":13,"enemies":"Gremlin Nob","floor":6,"turns":3},{"damage":0,"enemies":"Exordium Thugs","floor":7,"turns":4},{"damage":1,"enemies":"Lagavulin","floor":8,"turns":6},{"damage":4,"enemies":"Blue Slaver","floor":10,"turns":3},{"damage":0,"enemies":"Gremlin Nob","floor":11,"turns":3},{"damage":0,"enemies":"Large Slime","floor":12,"turns":2},{"damage":0,"enemies":"Lagavulin","floor":13,"turns":5},{"damage":1,"enemies":"3 Louse","floor":14,"turns":6},{"damage":5,"enemies":"Hexaghost","floor":16,"turns":7},{"damage":7,"enemies":"Shell Parasite","floor":18,"turns":6},{"damage":0,"enemies":"Spheric Guardian","floor":21,"turns":2},{"damage":0,"enemies":"Snecko","floor":22,"turns":4},{"damage":0,"enemies":"Book of Stabbing","floor":24,"turns":4},{"damage":0,"enemies":"Gremlin Leader","floor":27,"turns":3},{"damage":0,"enemies":"Book of Stabbing","floor":29,"turns":4},{"damage":16,"enemies":"Slavers","floor":31,"turns":4},{"damage":12,"enemies":"Collector","floor":33,"turns":5},{"damage":0,"enemies":"3 Shapes","floor":35,"turns":3},{"damage":0,"enemies":"Orb Walker","floor":36,"turns":1},{"damage":0,"enemies":"Writhing Mass","floor":37,"turns":5},{"damage":5,"enemies":"Jaw Worm Horde","floor":38,"turns":4},{"damage":0,"enemies":"Transient","floor":39,"turns":6},{"damage":0,"enemies":"Nemesis","floor":40,"turns":5},{"damage":0,"enemies":"Reptomancer","floor":42,"turns":4},{"damage":0,"enemies":"Giant Head","floor":45,"turns":5},{"damage":4,"enemies":"4 Shapes","floor":46,"turns":5},{"damage":0,"enemies":"Nemesis","floor":48,"turns":3},{"damage":0,"enemies":"Awakened One","floor":50,"turns":11},{"damage":3,"enemies":"Time Eater","floor":51,"turns":9},{"damage":0,"enemies":"Shield and Spear","floor":55,"turns":5},{"damage":0,"enemies":"The Heart","floor":56,"turns":6}],"seed_played":"-3765189342580500575","potions_obtained":[{"floor":1,"key":"BlessingOfTheForge"},{"floor":8,"key":"Ancient Potion"},{"floor":10,"key":"LiquidBronze"},{"floor":12,"key":"GamblersBrew"},{"floor":16,"key":"Explosive Potion"},{"floor":22,"key":"Explosive Potion"},{"floor":24,"key":"Fruit Juice"},{"floor":27,"key":"Swift Potion"},{"floor":33,"key":"Ancient Potion"},{"floor":42,"key":"FairyPotion"},{"floor":45,"key":"DuplicationPotion"},{"floor":46,"key":"Regen Potion"},{"floor":48,"key":"SneckoOil"},{"floor":55,"key":"Dexterity Potion"}],"is_trial":false,"path_per_floor":["M","M","?","M","$","E","M","E","T","M","E","M","E","M","R","B",null,"M","$","$","M","M","R","E","$","T","E","?","E","?","E","R","B",null,"M","M","M","M","M","E","R","E","T","R","E","M","R","E","R","B","B",null,"R","$","E","B",null],"character_chosen":"WATCHER","items_purchased":["Strength Potion","Tantrum","CutThroughFate","CloakClasp","Toolbox","StancePotion","Dramatic Entrance"],"campfire_rested":0,"item_purchase_floors":[5,19,20,54,54,54,54],"current_hp_per_floor":[59,59,59,59,59,46,46,45,45,41,41,41,41,40,40,60,66,59,59,59,59,59,59,59,59,59,64,44,44,44,28,28,41,69,69,69,69,64,64,64,64,64,64,64,64,60,60,72,72,78,75,77,77,78,78,78],"gold":102,"neow_bonus":"REMOVE_CARD","is_prod":false,"is_daily":false,"chose_seed":false,"campfire_upgraded":7,"win_rate":0,"timestamp":1641335985,"path_taken":["M","M","?","M","$","E","M","E","T","M","E","M","E","M","R","BOSS","M","?","$","?","M","R","E","$","T","E","?","E","?","E","R","BOSS","M","?","M","M","M","E","R","E","T","R","E","M","R","E","R","BOSS","BOSS","R","$","E","BOSS"],"build_version":"2020-12-22","purchased_purges":5,"victory":true,"max_hp_per_floor":[68,68,68,68,68,68,68,68,68,68,68,68,68,68,68,68,68,68,68,68,68,68,68,68,68,68,73,78,78,78,78,78,78,78,78,78,78,78,78,78,78,78,78,78,78,78,78,78,78,78,78,78,78,78,78,78],"relic_stats":{"Darkstone Periapt":0,"counters":[34,151],"Dead Branch":[162],"Yang":[52],"CloakClasp":[53],"Whetstone":["Wallop","Strike_P"],"Ancient Tea Set":[16],"Smiling Mask":350,"White Beast Statue":[0.0,0.0,0.0,0.4,0.0,0.6000000000000001,0.0,0.0,0.0,0.0,0.0,3.2856],"Ornamental Fan":[500],"Pantograph":56,"Bronze Scales":[312],"MealTicket":1,"Kunai":[102],"PureWater":[30],"obtain_stats":[{"Darkstone Periapt":34,"Dead Branch":26,"Yang":55,"CloakClasp":54,"Whetstone":24,"Frozen Egg 2":42,"Ancient Tea Set":8,"Smiling Mask":9,"White Beast Statue":40,"Old Coin":34,"Calling Bell":34,"Anchor":48,"Ornamental Fan":11,"Pantograph":6,"Bronze Scales":34,"Toolbox":54,"MealTicket":45,"Coffee Dripper":17,"Bag of Marbles":31,"Kunai":27,"PureWater":0,"TungstenRod":13,"InkBottle":29},{"Darkstone Periapt":20,"Dead Branch":16,"Yang":33,"CloakClasp":32,"Whetstone":16,"Frozen Egg 2":27,"Ancient Tea Set":6,"Smiling Mask":6,"White Beast Statue":26,"Old Coin":20,"Calling Bell":20,"Anchor":30,"Ornamental Fan":8,"Pantograph":4,"Bronze Scales":20,"Toolbox":32,"MealTicket":28,"Coffee Dripper":12,"Bag of Marbles":19,"Kunai":17,"PureWater":0,"TungstenRod":10,"InkBottle":18},{"Darkstone Periapt":79,"Dead Branch":63,"Yang":145,"CloakClasp":140,"Whetstone":63,"Frozen Egg 2":107,"Ancient Tea Set":21,"Smiling Mask":21,"White Beast Statue":103,"Old Coin":79,"Calling Bell":79,"Anchor":120,"Ornamental Fan":27,"Pantograph":11,"Bronze Scales":79,"Toolbox":140,"MealTicket":112,"Coffee Dripper":47,"Bag of Marbles":74,"Kunai":66,"PureWater":0,"TungstenRod":34,"InkBottle":70}],"TungstenRod":14,"InkBottle":[54]},"card_choices":[{"not_picked":["Sanctity","BowlingBash"],"picked":"TalkToTheHand","floor":1},{"not_picked":["Crescendo","PathToVictory"],"picked":"BattleHymn","floor":2},{"not_picked":["BowlingBash","JustLucky"],"picked":"Wallop","floor":4},{"not_picked":["ReachHeaven","Prostrate"],"picked":"EmptyFist","floor":6},{"not_picked":["ReachHeaven","Protect","Crescendo"],"picked":"SKIP","floor":7},{"not_picked":["SignatureMove","Consecrate"],"picked":"ThirdEye","floor":8},{"not_picked":["FlyingSleeves","Protect","Prostrate"],"picked":"SKIP","floor":10},{"not_picked":["MasterReality","Protect","PathToVictory"],"picked":"SKIP","floor":11},{"not_picked":["MasterReality","Protect","PathToVictory"],"picked":"SKIP","floor":11},{"not_picked":["WreathOfFlame","LikeWater","ClearTheMind"],"picked":"SKIP","floor":12},{"not_picked":["FlyingSleeves","JustLucky"],"picked":"WaveOfTheHand","floor":13},{"not_picked":["SashWhip","CutThroughFate"],"picked":"TalkToTheHand","floor":14},{"not_picked":["SpiritShield","Alpha"],"picked":"Omniscience","floor":16},{"not_picked":["WaveOfTheHand+1","Perseverance"],"picked":"FlyingSleeves+1","floor":18},{"not_picked":["EmptyBody","Nirvana"],"picked":"CutThroughFate+1","floor":21},{"not_picked":["FollowUp","SashWhip+1","JustLucky"],"picked":"SKIP","floor":22},{"not_picked":["Study","Evaluate","Protect"],"picked":"SKIP","floor":24},{"not_picked":["ClearTheMind","PathToVictory"],"picked":"WheelKick","floor":27},{"not_picked":["PathToVictory+1","CarveReality"],"picked":"MasterReality","floor":29},{"not_picked":["Indignation+1","EmptyBody"],"picked":"Weave","floor":31},{"not_picked":["Ragnarok","ConjureBlade"],"picked":"Scrawl","floor":33},{"not_picked":["LikeWater","WheelKick"],"picked":"ThirdEye","floor":36},{"not_picked":["Halt","FlyingSleeves+1","Protect"],"picked":"SKIP","floor":37},{"not_picked":["Evaluate","Prostrate"],"picked":"Scrawl","floor":38},{"not_picked":["Worship","Tantrum"],"picked":"JustLucky+1","floor":39},{"not_picked":["ClearTheMind","LikeWater"],"picked":"Weave","floor":40},{"not_picked":["Halt","Sanctity"],"picked":"TalkToTheHand","floor":42},{"not_picked":["ReachHeaven+1","EmptyMind"],"picked":"Study+1","floor":45},{"not_picked":["FollowUp+1","Judgement"],"picked":"TalkToTheHand+1","floor":46},{"not_picked":["Consecrate","Evaluate"],"picked":"Tantrum+1","floor":48},{"not_picked":["Swivel","EmptyBody","Wallop+1"],"picked":"SKIP","floor":55}],"player_experience":5825180,"relics_obtained":[{"floor":6,"key":"Pantograph"},{"floor":8,"key":"Ancient Tea Set"},{"floor":9,"key":"Smiling Mask"},{"floor":11,"key":"Ornamental Fan"},{"floor":13,"key":"TungstenRod"},{"floor":24,"key":"Whetstone"},{"floor":26,"key":"Dead Branch"},{"floor":27,"key":"Kunai"},{"floor":29,"key":"InkBottle"},{"floor":31,"key":"Bag of Marbles"},{"floor":34,"key":"Bronze Scales"},{"floor":34,"key":"Darkstone Periapt"},{"floor":34,"key":"Old Coin"},{"floor":40,"key":"White Beast Statue"},{"floor":42,"key":"Frozen Egg 2"},{"floor":45,"key":"MealTicket"},{"floor":48,"key":"Anchor"},{"floor":55,"key":"Yang"}],"event_choices":[{"damage_healed":0,"gold_gain":0,"player_choice":"Forge","damage_taken":0,"max_hp_gain":0,"max_hp_loss":0,"event_name":"Accursed Blacksmith","floor":3,"gold_loss":0,"cards_upgraded":["Eruption"]},{"damage_healed":0,"gold_gain":0,"player_choice":"Shed Blood","damage_taken":26,"max_hp_gain":5,"max_hp_loss":0,"event_name":"Forgotten Altar","floor":28,"gold_loss":0},{"damage_healed":0,"gold_gain":0,"cards_transformed":["Strike_P"],"player_choice":"Transformed","damage_taken":0,"max_hp_gain":0,"max_hp_loss":0,"event_name":"Transmorgrifier","floor":30,"gold_loss":0,"cards_obtained":["DevaForm"]}],"is_beta":false,"boss_relics":[{"not_picked":["Snecko Eye","Astrolabe"],"picked":"Coffee Dripper"},{"not_picked":["Tiny House","Empty Cage"],"picked":"Calling Bell"}],"items_purged_floors":[5,19,20,25,54],"is_endless":false,"potions_floor_spawned":[1,8,10,12,13,14,16,22,24,27,33,38,42,45,46,48,55],"ascension_level":20}