{"gold_per_floor":[10,20,33,52,102,132,150,169,169,198,273,304,321,117,117,190,190,207,207,482,497,25,39,39,51,106,106,206,48,76,87,87,162,162,172,172,172,47,65,95,120,154,191,217,263,308,320,361,373,385,397,409,421,4,30,30],"floor_reached":57,"playtime":4434,"items_purged":["Defend_P","Regret","Strike_P","LessonLearned+1"],"score":3580,"play_id":"1d6ed096-52e6-443e-af7c-e75c1a55b286","local_time":"20220119192324","is_ascension_mode":true,"campfire_choices":[{"data":"Eruption","floor":15,"key":"SMITH"},{"data":"MentalFortress","floor":24,"key":"SMITH"},{"data":"Vigilance","floor":27,"key":"SMITH"},{"data":"Meditate","floor":32,"key":"SMITH"},{"floor":47,"key":"RECALL"},{"data":"Evaluate","floor":49,"key":"SMITH"}],"neow_cost":"NO_GOLD","seed_source_timestamp":60905221483500,"circlet_count":0,"master_deck":["AscendersBane","Strike_P+1","Strike_P+1","Strike_P+1","Defend_P+1","Defend_P+1","Defend_P+1","Eruption+1","Vigilance+1","Conclude+1","Adaptation+1","EmptyMind+1","Tantrum+1","Consecrate+1","DevaForm+1","Wireheading+1","FearNoEvil+1","MentalFortress+1","FearNoEvil+1","Tantrum+1","Secret Technique+1","Sanctity+1","Vault+1","Meditate+1","DeusExMachina+1","ThirdEye+1","Evaluate+1","Omniscience+1","Panache"],"relics":["PureWater","Dead Branch","Question Card","Mummified Hand","InkBottle","Coffee Dripper","OrangePellets","Blood Vial","WingedGreaves","Singing Bowl","Lee\u0027s Waffle","Blue Candle","Busted Crown","FossilizedHelix","Du-Vu Doll","MawBank","Centennial Puzzle","Happy Flower","Orichalcum","War Paint"],"potions_floor_usage":[6,10,13,21,28,40,56,56],"damage_taken":[{"damage":5,"enemies":"Small Slimes","floor":1,"turns":4},{"damage":2,"enemies":"Cultist","floor":2,"turns":4},{"damage":4,"enemies":"2 Louse","floor":3,"turns":5},{"damage":0,"enemies":"Large Slime","floor":4,"turns":4},{"damage":6,"enemies":"Gremlin Nob","floor":6,"turns":3},{"damage":2,"enemies":"Looter","floor":7,"turns":4},{"damage":0,"enemies":"Red Slaver","floor":8,"turns":2},{"damage":2,"enemies":"3 Sentries","floor":10,"turns":4},{"damage":0,"enemies":"Lagavulin","floor":12,"turns":4},{"damage":0,"enemies":"Blue Slaver","floor":13,"turns":1},{"damage":0,"enemies":"Slime Boss","floor":16,"turns":5},{"damage":0,"enemies":"Spheric Guardian","floor":18,"turns":3},{"damage":36,"enemies":"3 Byrds","floor":21,"turns":3},{"damage":0,"enemies":"Centurion and Healer","floor":23,"turns":5},{"damage":0,"enemies":"Snecko","floor":25,"turns":2},{"damage":1,"enemies":"Colosseum Slavers","floor":28,"turns":3},{"damage":0,"enemies":"Colosseum Nobs","floor":28,"turns":4},{"damage":3,"enemies":"Book of Stabbing","floor":30,"turns":3},{"damage":0,"enemies":"Snake Plant","floor":31,"turns":5},{"damage":0,"enemies":"Automaton","floor":33,"turns":7},{"damage":1,"enemies":"3 Shapes","floor":35,"turns":7},{"damage":0,"enemies":"3 Darklings","floor":39,"turns":4},{"damage":0,"enemies":"Nemesis","floor":40,"turns":6},{"damage":0,"enemies":"Mind Bloom Boss Battle","floor":41,"turns":4},{"damage":0,"enemies":"Reptomancer","floor":42,"turns":5},{"damage":0,"enemies":"Spire Growth","floor":44,"turns":3},{"damage":0,"enemies":"Giant Head","floor":45,"turns":6},{"damage":0,"enemies":"Reptomancer","floor":46,"turns":4},{"damage":0,"enemies":"Nemesis","floor":48,"turns":6},{"damage":0,"enemies":"Donu and Deca","floor":50,"turns":5},{"damage":44,"enemies":"Time Eater","floor":51,"turns":9},{"damage":0,"enemies":"Shield and Spear","floor":55,"turns":4},{"damage":53,"enemies":"The Heart","floor":56,"turns":8}],"seed_played":"1267361208815472412","potions_obtained":[{"floor":1,"key":"DistilledChaos"},{"floor":2,"key":"Ancient Potion"},{"floor":7,"key":"SkillPotion"},{"floor":10,"key":"AttackPotion"},{"floor":12,"key":"SteroidPotion"},{"floor":13,"key":"PowerPotion"},{"floor":23,"key":"FearPotion"},{"floor":39,"key":"Fire Potion"},{"floor":40,"key":"PowerPotion"},{"floor":44,"key":"Weak Potion"},{"floor":45,"key":"PowerPotion"},{"floor":48,"key":"SpeedPotion"}],"is_trial":false,"path_per_floor":["M","M","M","M","?","E","M","M","T","E","?","E","M","$","R","B",null,"M","?","?","M","$","M","R","M","T","R","?","$","E","M","R","B",null,"M","?","?","$","M","E","?","E","T","M","E","E","R","E","R","B","B",null,"R","$","E","B",null],"character_chosen":"WATCHER","items_purchased":["FearNoEvil","MentalFortress","OrangePellets","Secret Technique","Lee\u0027s Waffle","Omniscience","Panache"],"campfire_rested":0,"item_purchase_floors":[14,14,22,22,29,54,54],"current_hp_per_floor":[56,54,50,50,50,44,42,42,42,40,29,29,29,29,29,29,58,58,39,39,3,3,3,3,3,3,3,8,82,79,81,81,82,82,83,80,80,80,82,84,84,86,86,88,90,92,92,92,92,92,48,81,81,81,85,34],"gold":30,"neow_bonus":"THREE_RARE_CARDS","is_prod":false,"is_daily":false,"chose_seed":false,"campfire_upgraded":5,"win_rate":0,"timestamp":1642638204,"path_taken":["M","M","M","M","?","E","M","?","T","E","?","E","M","$","R","BOSS","M","?","?","?","$","M","R","M","T","R","?","?","E","M","R","BOSS","M","?","?","$","M","E","?","E","T","M","E","E","R","E","R","BOSS","BOSS","R","$","E","BOSS"],"build_version":"2020-12-22","purchased_purges":4,"victory":true,"max_hp_per_floor":[68,68,68,68,68,68,68,68,68,68,68,68,68,68,68,68,68,68,73,73,73,73,73,73,73,73,73,75,82,82,82,82,82,82,84,80,80,80,82,84,84,86,86,88,90,92,92,92,92,92,92,92,92,92,94,94],"relic_stats":{"Lee\u0027s Waffle":74,"Singing Bowl":18,"Happy Flower":[10],"counters":[33,146],"Dead Branch":[160],"Blue Candle":[0],"Orichalcum":[18],"War Paint":["Omniscience"],"Question Card":22,"MawBank":144,"Blood Vial":11,"OrangePellets":[11],"Centennial Puzzle":[6],"Busted Crown":20,"Mummified Hand":[153],"WingedGreaves":3,"PureWater":[27],"obtain_stats":[{"Lee\u0027s Waffle":29,"Singing Bowl":28,"Happy Flower":46,"Dead Branch":6,"Blue Candle":30,"Orichalcum":48,"War Paint":55,"Question Card":9,"MawBank":42,"Blood Vial":26,"Du-Vu Doll":41,"OrangePellets":22,"Centennial Puzzle":45,"Busted Crown":34,"Mummified Hand":10,"WingedGreaves":28,"Coffee Dripper":17,"PureWater":0,"InkBottle":12,"FossilizedHelix":40},{"Lee\u0027s Waffle":17,"Singing Bowl":17,"Happy Flower":28,"Dead Branch":5,"Blue Candle":18,"Orichalcum":29,"War Paint":32,"Question Card":7,"MawBank":25,"Blood Vial":15,"Du-Vu Doll":24,"OrangePellets":13,"Centennial Puzzle":27,"Busted Crown":20,"Mummified Hand":8,"WingedGreaves":17,"Coffee Dripper":11,"PureWater":0,"InkBottle":9,"FossilizedHelix":23},{"Lee\u0027s Waffle":60,"Singing Bowl":60,"Happy Flower":114,"Dead Branch":20,"Blue Candle":63,"Orichalcum":120,"War Paint":138,"Question Card":26,"MawBank":101,"Blood Vial":53,"Du-Vu Doll":96,"OrangePellets":46,"Centennial Puzzle":110,"Busted Crown":75,"Mummified Hand":30,"WingedGreaves":60,"Coffee Dripper":40,"PureWater":0,"InkBottle":34,"FossilizedHelix":92}],"InkBottle":[76],"FossilizedHelix":[113]},"card_choices":[{"not_picked":["SpiritShield","Scrawl"],"picked":"LessonLearned","floor":0},{"not_picked":["Evaluate","ClearTheMind"],"picked":"Conclude","floor":1},{"not_picked":["PathToVictory","SignatureMove"],"picked":"Adaptation","floor":2},{"not_picked":["Pray","Wireheading"],"picked":"EmptyMind","floor":4},{"not_picked":["BowlingBash","Prostrate","SashWhip"],"picked":"SKIP","floor":6},{"not_picked":["EmptyBody","CutThroughFate"],"picked":"Tantrum","floor":7},{"not_picked":["CrushJoints","BowlingBash"],"picked":"Consecrate","floor":8},{"not_picked":["ClearTheMind","Consecrate","Wireheading"],"picked":"DevaForm","floor":10},{"not_picked":["ReachHeaven","SandsOfTime","EmptyFist"],"picked":"Wireheading","floor":12},{"not_picked":["FollowUp","FlyingSleeves","CrushJoints","Protect"],"picked":"SKIP","floor":13},{"not_picked":["BowlingBash+1","Worship","FollowUp"],"picked":"FearNoEvil","floor":18},{"not_picked":["SashWhip","Consecrate","Protect"],"picked":"Tantrum","floor":21},{"not_picked":["Evaluate","Collect","FollowUp+1"],"picked":"Sanctity","floor":23},{"not_picked":["Collect","JustLucky","SashWhip","Tantrum"],"picked":"SKIP","floor":25},{"not_picked":["Consecrate","Study","ClearTheMind","CarveReality"],"picked":"Singing Bowl","floor":28},{"not_picked":["Swivel","Alpha","Consecrate"],"picked":"Vault","floor":30},{"not_picked":["ForeignInfluence","FearNoEvil","EmptyBody+1"],"picked":"Meditate","floor":31},{"not_picked":["Wish","Alpha","Scrawl"],"picked":"DeusExMachina","floor":33},{"not_picked":["FlurryOfBlows","Perseverance+1"],"picked":"Singing Bowl","floor":35},{"not_picked":["Nirvana","EmptyFist"],"picked":"Singing Bowl","floor":39},{"not_picked":["EmptyBody","BowlingBash+1"],"picked":"Singing Bowl","floor":40},{"not_picked":["PathToVictory"],"picked":"ThirdEye+1","floor":41},{"not_picked":["CutThroughFate","EmptyBody"],"picked":"Singing Bowl","floor":42},{"not_picked":["CrushJoints","Establishment"],"picked":"Singing Bowl","floor":44},{"not_picked":["Crescendo","BattleHymn+1"],"picked":"Singing Bowl","floor":45},{"not_picked":["Protect+1","EmptyBody"],"picked":"Singing Bowl","floor":46},{"not_picked":["FearNoEvil"],"picked":"Evaluate","floor":48},{"not_picked":["WreathOfFlame","Crescendo"],"picked":"Singing Bowl","floor":55}],"player_experience":6001168,"relics_obtained":[{"floor":6,"key":"Dead Branch"},{"floor":9,"key":"Question Card"},{"floor":10,"key":"Mummified Hand"},{"floor":12,"key":"InkBottle"},{"floor":26,"key":"Blood Vial"},{"floor":28,"key":"WingedGreaves"},{"floor":28,"key":"Singing Bowl"},{"floor":30,"key":"Blue Candle"},{"floor":40,"key":"FossilizedHelix"},{"floor":41,"key":"Du-Vu Doll"},{"floor":42,"key":"MawBank"},{"floor":45,"key":"Centennial Puzzle"},{"floor":46,"key":"Happy Flower"},{"floor":48,"key":"Orichalcum"},{"floor":55,"key":"War Paint"}],"event_choices":[{"damage_healed":0,"gold_gain":50,"player_choice":"Pray","damage_taken":0,"max_hp_gain":0,"max_hp_loss":0,"event_name":"Golden Shrine","floor":5,"gold_loss":0},{"damage_healed":0,"gold_gain":75,"player_choice":"Gather Gold","damage_taken":11,"max_hp_gain":0,"max_hp_loss":0,"event_name":"World of Goop","floor":11,"gold_loss":0},{"damage_healed":0,"gold_gain":0,"player_choice":"Shed Blood","damage_taken":24,"max_hp_gain":5,"max_hp_loss":0,"event_name":"Forgotten Altar","floor":19,"gold_loss":0},{"damage_healed":0,"gold_gain":275,"player_choice":"Desecrate","damage_taken":0,"max_hp_gain":0,"max_hp_loss":0,"event_name":"Golden Shrine","floor":20,"gold_loss":0,"cards_obtained":["Regret"]},{"damage_healed":0,"gold_gain":0,"player_choice":"Fight","damage_taken":0,"max_hp_gain":0,"max_hp_loss":0,"event_name":"Colosseum","floor":28,"gold_loss":0},{"damage_healed":0,"gold_gain":0,"player_choice":"Fought Nobs","damage_taken":0,"max_hp_gain":0,"max_hp_loss":0,"event_name":"Colosseum","floor":28,"gold_loss":0},{"damage_healed":0,"gold_gain":0,"player_choice":"Max HP","damage_taken":0,"max_hp_gain":0,"max_hp_loss":4,"event_name":"Winding Halls","floor":36,"gold_loss":0},{"damage_healed":0,"gold_gain":0,"player_choice":"Ignored","damage_taken":0,"max_hp_gain":0,"max_hp_loss":0,"event_name":"Tomb of Lord Red Mask","floor":37,"gold_loss":0},{"damage_healed":0,"gold_gain":0,"player_choice":"Fight","damage_taken":0,"max_hp_gain":0,"max_hp_loss":0,"event_name":"MindBloom","floor":41,"gold_loss":0}],"is_beta":false,"boss_relics":[{"not_picked":["Sozu","Ectoplasm"],"picked":"Coffee Dripper"},{"not_picked":["Runic Pyramid","Runic Dome"],"picked":"Busted Crown"}],"items_purged_floors":[14,22,38,54],"is_endless":false,"potions_floor_spawned":[1,2,7,10,12,13,18,23,28,39,40,44,45,48],"ascension_level":20}