{"gold_per_floor":[15,30,43,63,63,63,92,110,134,160,160,189,73,90,90,90],"floor_reached":16,"playtime":1049,"items_purged":["Strike_P"],"score":294,"play_id":"87155a19-c09b-4210-8882-fc2ed58c29ec","local_time":"20220119180858","is_ascension_mode":true,"campfire_choices":[{"floor":6,"key":"REST"},{"data":"Meditate","floor":15,"key":"SMITH"}],"neow_cost":"NO_GOLD","seed_source_timestamp":59848287986800,"circlet_count":0,"master_deck":["AscendersBane","Strike_P+1","Strike_P+1","Defend_P","Defend_P","Eruption+1","Vigilance","Meditate+1","EmptyBody","LessonLearned+1","Wallop+1","CutThroughFate+1","Establishment","WheelKick","ThirdEye"],"relics":["PureWater","Whetstone","Bag of Marbles","Orichalcum","Anchor"],"potions_floor_usage":[7,16],"damage_taken":[{"damage":6,"enemies":"2 Louse","floor":1,"turns":3},{"damage":7,"enemies":"Jaw Worm","floor":2,"turns":2},{"damage":10,"enemies":"Small Slimes","floor":3,"turns":4},{"damage":14,"enemies":"Gremlin Gang","floor":4,"turns":8},{"damage":20,"enemies":"3 Sentries","floor":7,"turns":7},{"damage":8,"enemies":"Exordium Thugs","floor":8,"turns":4},{"damage":0,"enemies":"Gremlin Nob","floor":10,"turns":2},{"damage":10,"enemies":"Lagavulin","floor":12,"turns":4},{"damage":0,"enemies":"Large Slime","floor":14,"turns":3},{"damage":9,"enemies":"The Guardian","floor":16,"turns":4}],"seed_played":"-8219122342246091114","potions_obtained":[{"floor":3,"key":"Strength Potion"},{"floor":4,"key":"ColorlessPotion"},{"floor":12,"key":"FearPotion"}],"is_trial":false,"path_per_floor":["M","M","M","M","?","R","E","M","T","E","?","E","$","M","R","B"],"character_chosen":"WATCHER","items_purchased":["WheelKick"],"campfire_rested":1,"item_purchase_floors":[13],"current_hp_per_floor":[55,48,38,24,24,44,24,16,16,16,16,6,6,6,6,0],"gold":90,"neow_bonus":"REMOVE_TWO","is_prod":false,"is_daily":false,"chose_seed":false,"campfire_upgraded":1,"win_rate":0,"timestamp":1642633738,"path_taken":["M","M","M","M","?","R","E","M","T","E","?","E","?","M","R","BOSS"],"build_version":"2020-12-22","purchased_purges":1,"victory":false,"max_hp_per_floor":[68,68,68,68,68,68,68,68,68,68,68,68,68,68,68,68],"relic_stats":{"counters":[10,41],"Whetstone":["Strike_P","CutThroughFate"],"PureWater":[10],"Orichalcum":[18],"obtain_stats":[{"Anchor":12,"Bag of Marbles":9,"Whetstone":7,"PureWater":0,"Orichalcum":10},{"Anchor":8,"Bag of Marbles":6,"Whetstone":5,"PureWater":0,"Orichalcum":7},{"Anchor":34,"Bag of Marbles":28,"Whetstone":24,"PureWater":0,"Orichalcum":30}]},"card_choices":[{"not_picked":["EmptyBody","EmptyFist"],"picked":"Meditate","floor":1},{"not_picked":["WaveOfTheHand","Prostrate"],"picked":"EmptyBody","floor":2},{"not_picked":["Crescendo","LikeWater"],"picked":"LessonLearned","floor":3},{"not_picked":["Indignation","WheelKick"],"picked":"Wallop","floor":4},{"not_picked":["ClearTheMind","FollowUp"],"picked":"CutThroughFate","floor":7},{"not_picked":["ClearTheMind","WreathOfFlame","Evaluate"],"picked":"SKIP","floor":8},{"not_picked":["PathToVictory","Blasphemy","Evaluate"],"picked":"SKIP","floor":10},{"not_picked":["Prostrate","CarveReality"],"picked":"Establishment","floor":12},{"not_picked":["CutThroughFate","FlyingSleeves"],"picked":"ThirdEye","floor":14}],"player_experience":6000119,"relics_obtained":[{"floor":7,"key":"Whetstone"},{"floor":9,"key":"Bag of Marbles"},{"floor":10,"key":"Orichalcum"},{"floor":12,"key":"Anchor"}],"event_choices":[{"cards_removed":["Strike_P"],"damage_healed":0,"gold_gain":0,"player_choice":"Forget","damage_taken":0,"max_hp_gain":0,"max_hp_loss":0,"event_name":"Living Wall","floor":5,"gold_loss":0},{"damage_healed":0,"gold_gain":0,"player_choice":"Ignored","damage_taken":0,"max_hp_gain":0,"max_hp_loss":0,"event_name":"Shining Light","floor":11,"gold_loss":0}],"is_beta":false,"boss_relics":[],"items_purged_floors":[13],"is_endless":false,"potions_floor_spawned":[3,4,12],"killed_by":"The Guardian","ascension_level":20}