{"gold_per_floor":[119,136,136,21,38,72,82,111,111,111,144,144,175,175,175,246,246,280,60,80,100,116,141,181,24,50,50,105,105,191,283,283,420,420,498,568,568,616,69,130,130,215,215,278,350,31,73,162,162,222,282,282,282,67,101,151],"floor_reached":57,"playtime":5437,"items_purged":["Defend_P","Defend_P","Defend_P"],"score":3656,"play_id":"b89b99cd-1b2d-43c0-96ee-2ecdbe094988","local_time":"20220121191335","is_ascension_mode":true,"campfire_choices":[{"floor":10,"key":"REST"},{"data":"Meditate","floor":12,"key":"SMITH"},{"data":"ForeignInfluence","floor":15,"key":"SMITH"},{"data":"Wish","floor":27,"key":"SMITH"},{"data":"TalkToTheHand","floor":32,"key":"SMITH"},{"floor":41,"key":"RECALL"},{"data":"Wallop","floor":49,"key":"SMITH"},{"data":"Tantrum","floor":53,"key":"SMITH"}],"neow_cost":"NONE","seed_source_timestamp":232117203177700,"circlet_count":0,"master_deck":["AscendersBane","Strike_P","Strike_P","Defend_P","Eruption+1","Vigilance","CutThroughFate","BowlingBash","ForeignInfluence+1","Meditate+1","CutThroughFate","Wallop+1","Weave","Omniscience","SashWhip+1","Tantrum+1","TalkToTheHand+1","JustLucky","Wish+1","FearNoEvil","WaveOfTheHand","Blasphemy","CutThroughFate+1","DeusExMachina","Omniscience","TalkToTheHand+1","Flash of Steel","JustLucky","CutThroughFate","JustLucky+1"],"relics":["PureWater","Omamori","WingedGreaves","Ice Cream","Shuriken","Turnip","White Beast Statue","Runic Pyramid","Pear","Bag of Preparation","Art of War","Pen Nib","GoldenEye","Akabeko","Busted Crown","DollysMirror","Toy Ornithopter","Matryoshka","Strawberry","Dream Catcher","MealTicket","Gambling Chip","Medical Kit","Vajra","Nunchaku","Strange Spoon","Blood Vial"],"potions_floor_usage":[11,20,20,23,24,31,31,35,35,36,42,55],"damage_taken":[{"damage":0,"enemies":"Small Slimes","floor":1,"turns":1},{"damage":1,"enemies":"2 Louse","floor":2,"turns":3},{"damage":0,"enemies":"Jaw Worm","floor":5,"turns":3},{"damage":2,"enemies":"3 Sentries","floor":6,"turns":3},{"damage":3,"enemies":"Blue Slaver","floor":7,"turns":2},{"damage":18,"enemies":"Lagavulin","floor":8,"turns":7},{"damage":0,"enemies":"Gremlin Nob","floor":11,"turns":3},{"damage":0,"enemies":"Lagavulin","floor":13,"turns":3},{"damage":5,"enemies":"Hexaghost","floor":16,"turns":6},{"damage":0,"enemies":"Spheric Guardian","floor":18,"turns":1},{"damage":2,"enemies":"Shell Parasite","floor":20,"turns":3},{"damage":0,"enemies":"Sentry and Sphere","floor":21,"turns":3},{"damage":0,"enemies":"Snecko","floor":22,"turns":3},{"damage":1,"enemies":"Book of Stabbing","floor":23,"turns":3},{"damage":0,"enemies":"Chosen and Byrds","floor":24,"turns":4},{"damage":0,"enemies":"Gremlin Leader","floor":28,"turns":3},{"damage":0,"enemies":"Book of Stabbing","floor":30,"turns":3},{"damage":0,"enemies":"Slavers","floor":31,"turns":1},{"damage":10,"enemies":"Champ","floor":33,"turns":7},{"damage":0,"enemies":"3 Darklings","floor":35,"turns":3},{"damage":12,"enemies":"3 Shapes","floor":36,"turns":4},{"damage":0,"enemies":"3 Darklings","floor":38,"turns":2},{"damage":0,"enemies":"Giant Head","floor":40,"turns":2},{"damage":0,"enemies":"Nemesis","floor":42,"turns":3},{"damage":0,"enemies":"Giant Head","floor":44,"turns":4},{"damage":0,"enemies":"Spire Growth","floor":45,"turns":2},{"damage":7,"enemies":"4 Shapes","floor":47,"turns":3},{"damage":0,"enemies":"Nemesis","floor":48,"turns":3},{"damage":0,"enemies":"Awakened One","floor":50,"turns":8},{"damage":19,"enemies":"Donu and Deca","floor":51,"turns":3},{"damage":0,"enemies":"Shield and Spear","floor":55,"turns":2},{"damage":2,"enemies":"The Heart","floor":56,"turns":7}],"seed_played":"-2321472085574126934","potions_obtained":[{"floor":2,"key":"SmokeBomb"},{"floor":6,"key":"Strength Potion"},{"floor":8,"key":"SkillPotion"},{"floor":13,"key":"Dexterity Potion"},{"floor":16,"key":"GamblersBrew"},{"floor":18,"key":"SpeedPotion"},{"floor":20,"key":"Weak Potion"},{"floor":21,"key":"AttackPotion"},{"floor":22,"key":"FearPotion"},{"floor":23,"key":"SpeedPotion"},{"floor":24,"key":"Swift Potion"},{"floor":28,"key":"LiquidMemories"},{"floor":31,"key":"SteroidPotion"},{"floor":33,"key":"BlessingOfTheForge"},{"floor":35,"key":"DuplicationPotion"},{"floor":36,"key":"Dexterity Potion"},{"floor":37,"key":"ColorlessPotion"},{"floor":37,"key":"LiquidMemories"},{"floor":40,"key":"Swift Potion"},{"floor":42,"key":"FairyPotion"},{"floor":47,"key":"Strength Potion"},{"floor":48,"key":"DuplicationPotion"},{"floor":55,"key":"Fire Potion"}],"is_trial":false,"path_per_floor":["M","M","?","$","M","E","M","E","T","R","E","R","E","?","R","B",null,"M","$","M","M","M","E","M","$","T","R","E","?","E","E","R","B",null,"M","M","?","M","$","E","R","E","T","E","M","$","M","E","R","B","B",null,"R","$","E","B",null],"character_chosen":"WATCHER","items_purchased":["ForeignInfluence","Tantrum","TalkToTheHand","Bag of Preparation","DollysMirror","Toy Ornithopter","Flash of Steel","Medical Kit","Vajra","Strange Spoon","CutThroughFate"],"campfire_rested":1,"item_purchase_floors":[4,19,19,25,39,39,39,46,46,54,54],"current_hp_per_floor":[61,60,42,42,42,40,37,19,19,39,39,39,39,39,39,34,60,60,60,58,58,58,67,67,67,67,67,67,67,67,67,67,57,73,73,61,61,61,61,61,61,73,73,73,73,85,78,78,78,78,59,79,79,85,85,83],"gold":151,"neow_bonus":"UPGRADE_CARD","is_prod":false,"is_daily":false,"chose_seed":false,"campfire_upgraded":6,"win_rate":0,"timestamp":1642810415,"path_taken":["M","M","?","$","M","E","M","E","T","R","E","R","E","?","R","BOSS","M","$","M","M","M","E","M","$","T","R","E","?","E","E","R","BOSS","M","M","?","M","?","E","R","E","T","E","M","$","M","E","R","BOSS","BOSS","R","$","E","BOSS"],"build_version":"2020-12-22","purchased_purges":3,"victory":true,"max_hp_per_floor":[68,68,68,68,68,68,68,68,68,68,68,68,68,68,68,68,68,68,68,68,68,68,78,78,78,78,78,78,78,78,78,78,78,78,78,78,78,78,78,78,78,85,85,85,85,85,85,85,85,85,85,85,85,85,85,85],"relic_stats":{"Ice Cream":[131],"counters":[32,108],"Pen Nib":[24],"Omamori":1,"Bag of Preparation":[39],"GoldenEye":[101],"Medical Kit":[3],"White Beast Statue":[0.0,0.0,0.0,0.4,0.0,0.6000000000000001,0.0,0.0,0.0,0.0,0.0,9.420795955200004],"Blood Vial":0,"Strange Spoon":[14],"Dream Catcher":0,"Nunchaku":[9],"Busted Crown":20,"Matryoshka":1,"Shuriken":[91],"Gambling Chip":[18],"MealTicket":18,"WingedGreaves":3,"Turnip":[13],"Art of War":[6],"PureWater":[32],"obtain_stats":[{"Ice Cream":8,"Vajra":46,"Bag of Preparation":25,"Blood Vial":55,"Dream Catcher":43,"Nunchaku":48,"Matryoshka":40,"DollysMirror":39,"Strawberry":42,"Gambling Chip":44,"MealTicket":43,"WingedGreaves":6,"Runic Pyramid":17,"Pear":23,"Pen Nib":28,"Omamori":3,"GoldenEye":30,"Medical Kit":46,"White Beast Statue":14,"Akabeko":31,"Strange Spoon":54,"Busted Crown":34,"Shuriken":11,"Turnip":13,"Art of War":26,"PureWater":0,"Toy Ornithopter":39},{"Ice Cream":6,"Vajra":26,"Bag of Preparation":15,"Blood Vial":31,"Dream Catcher":24,"Nunchaku":28,"Matryoshka":23,"DollysMirror":22,"Strawberry":24,"Gambling Chip":25,"MealTicket":24,"WingedGreaves":4,"Runic Pyramid":9,"Pear":14,"Pen Nib":16,"Omamori":2,"GoldenEye":17,"Medical Kit":26,"White Beast Statue":8,"Akabeko":18,"Strange Spoon":30,"Busted Crown":19,"Shuriken":7,"Turnip":8,"Art of War":15,"PureWater":0,"Toy Ornithopter":22},{"Ice Cream":19,"Vajra":82,"Bag of Preparation":48,"Blood Vial":101,"Dream Catcher":76,"Nunchaku":88,"Matryoshka":73,"DollysMirror":71,"Strawberry":76,"Gambling Chip":80,"MealTicket":76,"WingedGreaves":10,"Runic Pyramid":31,"Pear":44,"Pen Nib":51,"Omamori":4,"GoldenEye":54,"Medical Kit":82,"White Beast Statue":25,"Akabeko":55,"Strange Spoon":99,"Busted Crown":62,"Shuriken":22,"Turnip":25,"Art of War":48,"PureWater":0,"Toy Ornithopter":71}],"Toy Ornithopter":5},"card_choices":[{"not_picked":["FlurryOfBlows","CrushJoints"],"picked":"CutThroughFate","floor":1},{"not_picked":["PathToVictory","EmptyBody"],"picked":"BowlingBash","floor":2},{"not_picked":["ForeignInfluence","MasterReality","FlurryOfBlows"],"picked":"SKIP","floor":5},{"not_picked":["Vengeance","Conclude"],"picked":"Meditate","floor":6},{"not_picked":["WreathOfFlame","Weave"],"picked":"CutThroughFate","floor":7},{"not_picked":["BattleHymn","Wireheading"],"picked":"Wallop","floor":8},{"not_picked":["SignatureMove","BattleHymn"],"picked":"Weave","floor":11},{"not_picked":["Fasting2","EmptyFist","Wireheading"],"picked":"SKIP","floor":13},{"not_picked":["Fasting2","EmptyFist","Wireheading"],"picked":"SKIP","floor":13},{"not_picked":["SpiritShield","MasterReality"],"picked":"Omniscience","floor":16},{"not_picked":["WindmillStrike","Sanctity"],"picked":"SashWhip+1","floor":18},{"not_picked":["Consecrate","Conclude"],"picked":"JustLucky","floor":20},{"not_picked":["EmptyBody","Crescendo","CarveReality"],"picked":"SKIP","floor":21},{"not_picked":["BattleHymn","Consecrate+1","Perseverance"],"picked":"SKIP","floor":22},{"not_picked":["Consecrate","WindmillStrike"],"picked":"Wish","floor":23},{"not_picked":["Wallop","FlyingSleeves","Study+1"],"picked":"SKIP","floor":24},{"not_picked":["FlurryOfBlows","EmptyFist"],"picked":"FearNoEvil","floor":28},{"not_picked":["Consecrate","Wish"],"picked":"CutThroughFate+1","floor":30},{"not_picked":["PathToVictory","Prostrate"],"picked":"DeusExMachina","floor":31},{"not_picked":["Blasphemy","Judgement"],"picked":"Omniscience","floor":33},{"not_picked":["Crescendo"],"picked":"SKIP","floor":35},{"not_picked":["Protect"],"picked":"SKIP","floor":36},{"not_picked":["Evaluate"],"picked":"SKIP","floor":38},{"not_picked":[],"picked":"JustLucky","floor":40},{"not_picked":["ThirdEye"],"picked":"SKIP","floor":42},{"not_picked":["BowlingBash"],"picked":"SKIP","floor":44},{"not_picked":["BowlingBash"],"picked":"SKIP","floor":45},{"not_picked":["Halt"],"picked":"SKIP","floor":47},{"not_picked":["Nirvana"],"picked":"SKIP","floor":48},{"not_picked":[],"picked":"JustLucky+1","floor":55}],"player_experience":6025262,"relics_obtained":[{"floor":6,"key":"WingedGreaves"},{"floor":8,"key":"Ice Cream"},{"floor":11,"key":"Shuriken"},{"floor":13,"key":"Turnip"},{"floor":23,"key":"Pear"},{"floor":26,"key":"Art of War"},{"floor":28,"key":"Pen Nib"},{"floor":30,"key":"GoldenEye"},{"floor":31,"key":"Akabeko"},{"floor":40,"key":"Matryoshka"},{"floor":42,"key":"Strawberry"},{"floor":43,"key":"Dream Catcher"},{"floor":43,"key":"MealTicket"},{"floor":44,"key":"Gambling Chip"},{"floor":48,"key":"Nunchaku"},{"floor":55,"key":"Blood Vial"}],"event_choices":[{"damage_healed":0,"gold_gain":0,"player_choice":"Success","damage_taken":18,"relics_obtained":["Omamori"],"max_hp_gain":0,"max_hp_loss":0,"event_name":"Scrap Ooze","floor":3,"gold_loss":0},{"damage_healed":0,"gold_gain":0,"player_choice":"Box","damage_taken":0,"relics_obtained":["White Beast Statue"],"max_hp_gain":0,"max_hp_loss":0,"event_name":"Big Fish","floor":14,"gold_loss":0,"cards_obtained":["Regret"]},{"damage_healed":0,"gold_gain":0,"cards_transformed":["Strike_P","Strike_P"],"player_choice":"Became Test Subject","damage_taken":0,"max_hp_gain":0,"max_hp_loss":0,"event_name":"Drug Dealer","floor":29,"gold_loss":0,"cards_obtained":["WaveOfTheHand","Blasphemy"]},{"damage_healed":0,"gold_gain":0,"player_choice":"Got Potions","damage_taken":0,"max_hp_gain":0,"max_hp_loss":0,"event_name":"Lab","floor":37,"gold_loss":0}],"is_beta":false,"boss_relics":[{"not_picked":["HolyWater","SlaversCollar"],"picked":"Runic Pyramid"},{"not_picked":["Calling Bell","Astrolabe"],"picked":"Busted Crown"}],"items_purged_floors":[4,19,39],"is_endless":false,"potions_floor_spawned":[2,6,8,13,16,18,20,21,22,23,24,28,30,31,33,35,36,38,40,42,44,45,47,48,55],"ascension_level":20}