{"gold_per_floor":[112,112,128,140,159,159,179,179,203,229,246,246,265,293,293,370,370,387,302,315,29,39,39,69,69,92,104,126,170,182,206,218,308,320,351,378,121,121,121,150,150,24,50,63,89,106,106,134,134,134,134,134,134,20,50,50],"floor_reached":57,"playtime":6842,"items_purged":["Defend_P","Defend_P","Strike_P","Defend_P"],"score":3109,"play_id":"1f618d21-3f49-44e8-a075-702c6584e60e","local_time":"20220210141203","is_ascension_mode":true,"campfire_choices":[{"data":"EmptyFist","floor":6,"key":"SMITH"},{"data":"Eruption","floor":8,"key":"SMITH"},{"data":"Consecrate","floor":12,"key":"SMITH"},{"data":"Devotion","floor":15,"key":"SMITH"},{"data":"Meditate","floor":23,"key":"SMITH"},{"data":"Pray","floor":25,"key":"SMITH"},{"floor":27,"key":"REST"},{"data":"Study","floor":32,"key":"SMITH"},{"data":"MentalFortress","floor":41,"key":"SMITH"},{"floor":47,"key":"RECALL"},{"data":"Wireheading","floor":49,"key":"SMITH"},{"data":"MentalFortress","floor":53,"key":"SMITH"}],"neow_cost":"NONE","seed_source_timestamp":1940574676783800,"circlet_count":0,"master_deck":["AscendersBane","Defend_P","Eruption+1","Vigilance","EmptyFist+1","ThirdEye","SandsOfTime+1","Devotion+1","Consecrate+1","MentalFortress+1","Vault","Meditate+1","Pray+1","Vault","CutThroughFate","Study+1","Vault","Vault","Devotion","Wallop+1","Pray","Brilliance+1","Wireheading+1","MentalFortress+1","Sanctity+1","ClearTheMind+1"],"relics":["Runic Dome","Bronze Scales","Pen Nib","Smiling Mask","Regal Pillow","Black Star","TungstenRod","DollysMirror","StoneCalendar","Thread and Needle","MawBank","Strawberry","Blood Vial","Empty Cage","Damaru","Dream Catcher","The Courier","PreservedInsect","Whetstone","HornCleat","TeardropLocket","Bottled Tornado"],"potions_floor_usage":[10,13,18,36,56,56],"damage_taken":[{"damage":0,"enemies":"Small Slimes","floor":1,"turns":3},{"damage":4,"enemies":"Jaw Worm","floor":3,"turns":4},{"damage":0,"enemies":"Cultist","floor":4,"turns":2},{"damage":12,"enemies":"3 Louse","floor":5,"turns":3},{"damage":4,"enemies":"Lots of Slimes","floor":7,"turns":3},{"damage":0,"enemies":"Lagavulin","floor":10,"turns":4},{"damage":5,"enemies":"Exordium Wildlife","floor":11,"turns":3},{"damage":5,"enemies":"Gremlin Gang","floor":13,"turns":3},{"damage":5,"enemies":"Gremlin Nob","floor":14,"turns":3},{"damage":12,"enemies":"Hexaghost","floor":16,"turns":6},{"damage":0,"enemies":"Chosen","floor":18,"turns":3},{"damage":0,"enemies":"Spheric Guardian","floor":20,"turns":3},{"damage":29,"enemies":"Shelled Parasite and Fungi","floor":22,"turns":5},{"damage":15,"enemies":"Book of Stabbing","floor":24,"turns":4},{"damage":0,"enemies":"Chosen and Byrds","floor":28,"turns":2},{"damage":0,"enemies":"Gremlin Leader","floor":29,"turns":4},{"damage":0,"enemies":"Cultist and Chosen","floor":31,"turns":7},{"damage":8,"enemies":"Collector","floor":33,"turns":7},{"damage":0,"enemies":"3 Shapes","floor":35,"turns":7},{"damage":0,"enemies":"3 Darklings","floor":36,"turns":7},{"damage":0,"enemies":"Giant Head","floor":40,"turns":7},{"damage":0,"enemies":"Maw","floor":44,"turns":7},{"damage":5,"enemies":"Nemesis","floor":45,"turns":7},{"damage":0,"enemies":"Writhing Mass","floor":46,"turns":5},{"damage":0,"enemies":"Giant Head","floor":48,"turns":7},{"damage":18,"enemies":"Time Eater","floor":50,"turns":7},{"damage":0,"enemies":"Donu and Deca","floor":51,"turns":7},{"damage":0,"enemies":"Shield and Spear","floor":55,"turns":7},{"damage":20,"enemies":"The Heart","floor":56,"turns":8}],"seed_played":"-195948933721900607","potions_obtained":[{"floor":3,"key":"Swift Potion"},{"floor":5,"key":"Fire Potion"},{"floor":10,"key":"BottledMiracle"},{"floor":16,"key":"DistilledChaos"},{"floor":20,"key":"FairyPotion"},{"floor":36,"key":"AttackPotion"},{"floor":46,"key":"StancePotion"},{"floor":55,"key":"PowerPotion"}],"is_trial":false,"path_per_floor":["M","?","M","M","M","R","M","R","T","E","M","R","M","E","R","B",null,"M","?","M","$","M","R","E","R","T","R","M","E","?","M","R","B",null,"M","M","$","?","?","E","R","$","T","M","E","M","R","E","R","B","B",null,"R","$","E","B",null],"character_chosen":"WATCHER","items_purchased":["Pray","DollysMirror","Pray","Brilliance","MentalFortress","LiquidMemories"],"campfire_rested":1,"item_purchase_floors":[21,21,37,37,42,54],"current_hp_per_floor":[61,50,46,46,34,34,30,30,30,30,25,25,20,15,15,3,52,52,52,52,52,23,23,8,8,8,43,43,50,50,52,52,46,68,70,72,72,72,72,74,74,74,74,75,70,72,72,74,74,57,59,71,71,71,73,55],"gold":50,"neow_bonus":"BOSS_RELIC","is_prod":false,"is_daily":false,"chose_seed":false,"campfire_upgraded":10,"win_rate":0,"timestamp":1644520323,"path_taken":["M","?","M","M","M","R","M","R","T","E","M","R","M","E","R","BOSS","M","?","M","$","M","R","E","R","T","R","M","E","?","M","R","BOSS","M","?","$","?","?","E","R","$","T","M","E","?","R","E","R","BOSS","BOSS","R","$","E","BOSS"],"build_version":"2020-12-22","purchased_purges":4,"victory":true,"max_hp_per_floor":[68,68,68,68,68,68,68,68,68,68,68,68,68,68,68,68,68,68,68,68,68,68,68,68,68,68,68,68,75,75,75,75,75,75,75,75,75,75,75,75,75,75,75,75,75,75,75,75,75,75,75,75,75,75,75,75],"relic_stats":{"Regal Pillow":15,"counters":[29,145],"StoneCalendar":[517],"Pen Nib":[18],"The Courier":46,"PreservedInsect":207,"Whetstone":["SandsOfTime","Brilliance"],"Bottled Tornado":"Wireheading","Smiling Mask":220,"MawBank":132,"Blood Vial":22,"Dream Catcher":0,"Bronze Scales":[288],"Black Star":6,"obtain_stats":[{"Regal Pillow":14,"Damaru":40,"StoneCalendar":24,"Thread and Needle":24,"Pen Nib":9,"The Courier":45,"PreservedInsect":45,"Whetstone":48,"TeardropLocket":55,"Bottled Tornado":55,"Smiling Mask":10,"MawBank":26,"Empty Cage":34,"Blood Vial":29,"Runic Dome":0,"Dream Catcher":40,"HornCleat":48,"DollysMirror":21,"Bronze Scales":2,"Strawberry":29,"Black Star":17,"PureWater":0,"TungstenRod":19},{"Regal Pillow":9,"Damaru":21,"StoneCalendar":14,"Thread and Needle":14,"Pen Nib":5,"The Courier":23,"PreservedInsect":23,"Whetstone":25,"TeardropLocket":28,"Bottled Tornado":28,"Smiling Mask":6,"MawBank":14,"Empty Cage":18,"Blood Vial":16,"Runic Dome":0,"Dream Catcher":21,"HornCleat":25,"DollysMirror":12,"Bronze Scales":1,"Strawberry":16,"Black Star":10,"PureWater":0,"TungstenRod":11},{"Regal Pillow":28,"Damaru":90,"StoneCalendar":49,"Thread and Needle":49,"Pen Nib":15,"The Courier":104,"PreservedInsect":104,"Whetstone":116,"TeardropLocket":137,"Bottled Tornado":137,"Smiling Mask":19,"MawBank":49,"Empty Cage":69,"Blood Vial":55,"Runic Dome":0,"Dream Catcher":90,"HornCleat":116,"DollysMirror":40,"Bronze Scales":3,"Strawberry":55,"Black Star":34,"PureWater":0,"TungstenRod":37}],"TungstenRod":21},"card_choices":[{"not_picked":["Crescendo","FlyingSleeves"],"picked":"FollowUp","floor":1},{"not_picked":["JustLucky","Swivel"],"picked":"EmptyFist","floor":3},{"not_picked":["FollowUp","ForeignInfluence"],"picked":"ThirdEye","floor":4},{"not_picked":["Halt","FollowUp","PathToVictory"],"picked":"SKIP","floor":5},{"not_picked":["Halt","FollowUp","PathToVictory"],"picked":"SKIP","floor":5},{"not_picked":["BowlingBash","FlyingSleeves"],"picked":"SandsOfTime","floor":7},{"not_picked":["Judgement","BowlingBash"],"picked":"Devotion","floor":10},{"not_picked":["EmptyBody","Crescendo"],"picked":"Consecrate","floor":11},{"not_picked":["MasterReality","CrushJoints","Weave"],"picked":"SKIP","floor":13},{"not_picked":["FollowUp","Judgement"],"picked":"MentalFortress","floor":14},{"not_picked":["DeusExMachina","ConjureBlade"],"picked":"Vault","floor":16},{"not_picked":["SignatureMove+1","JustLucky","PathToVictory"],"picked":"SKIP","floor":18},{"not_picked":["JustLucky","CrushJoints"],"picked":"Meditate","floor":20},{"not_picked":["EmptyBody","Nirvana"],"picked":"CutThroughFate","floor":22},{"not_picked":["Fasting2","EmptyBody"],"picked":"Study","floor":24},{"not_picked":["Consecrate","ThirdEye","FlurryOfBlows"],"picked":"SKIP","floor":28},{"not_picked":["BowlingBash","Pray"],"picked":"Vault","floor":29},{"not_picked":["LikeWater+1","Protect","Fasting2"],"picked":"SKIP","floor":31},{"not_picked":["Brilliance","MasterReality"],"picked":"Devotion","floor":33},{"not_picked":["Adaptation","FlurryOfBlows+1"],"picked":"Wallop+1","floor":35},{"not_picked":["SashWhip+1","SignatureMove","PathToVictory+1"],"picked":"SKIP","floor":36},{"not_picked":["Meditate","EmptyFist+1","Consecrate"],"picked":"SKIP","floor":40},{"not_picked":["ThirdEye","CrushJoints","LikeWater"],"picked":"SKIP","floor":44},{"not_picked":["FollowUp+1","Vengeance+1","SashWhip+1"],"picked":"SKIP","floor":45},{"not_picked":["FollowUp+1","Vengeance+1","SashWhip+1"],"picked":"SKIP","floor":45},{"not_picked":["EmptyFist+1","SandsOfTime","Sanctity"],"picked":"SKIP","floor":46},{"not_picked":["Nirvana+1","TalkToTheHand"],"picked":"Sanctity+1","floor":48},{"not_picked":["CutThroughFate","PathToVictory"],"picked":"ClearTheMind+1","floor":55}],"player_experience":6198192,"relics_obtained":[{"floor":9,"key":"Pen Nib"},{"floor":10,"key":"Smiling Mask"},{"floor":14,"key":"Regal Pillow"},{"floor":24,"key":"StoneCalendar"},{"floor":24,"key":"Thread and Needle"},{"floor":26,"key":"MawBank"},{"floor":29,"key":"Strawberry"},{"floor":29,"key":"Blood Vial"},{"floor":40,"key":"Damaru"},{"floor":40,"key":"Dream Catcher"},{"floor":45,"key":"The Courier"},{"floor":45,"key":"PreservedInsect"},{"floor":48,"key":"Whetstone"},{"floor":48,"key":"HornCleat"},{"floor":55,"key":"TeardropLocket"},{"floor":55,"key":"Bottled Tornado"}],"event_choices":[{"damage_healed":0,"gold_gain":0,"player_choice":"Success","damage_taken":11,"relics_obtained":["Bronze Scales"],"max_hp_gain":0,"max_hp_loss":0,"event_name":"Scrap Ooze","floor":2,"gold_loss":0},{"damage_healed":0,"gold_gain":0,"player_choice":"Obtained Relic","damage_taken":0,"relics_obtained":["TungstenRod"],"max_hp_gain":0,"max_hp_loss":0,"event_name":"Addict","floor":19,"gold_loss":85},{"damage_healed":0,"gold_gain":0,"player_choice":"Copied","damage_taken":0,"max_hp_gain":0,"max_hp_loss":0,"event_name":"Duplicator","floor":30,"gold_loss":0,"cards_obtained":["Vault"]},{"cards_removed":["FollowUp"],"damage_healed":0,"gold_gain":0,"player_choice":"Removed Attack","damage_taken":0,"max_hp_gain":0,"max_hp_loss":0,"event_name":"Falling","floor":38,"gold_loss":0},{"damage_healed":0,"gold_gain":0,"cards_transformed":["Strike_P"],"player_choice":"Transformed","damage_taken":0,"max_hp_gain":0,"max_hp_loss":0,"event_name":"Transmorgrifier","floor":39,"gold_loss":0,"cards_obtained":["Wireheading"]}],"is_beta":false,"boss_relics":[{"not_picked":["Velvet Choker","VioletLotus"],"picked":"Black Star"},{"not_picked":["SlaversCollar","Calling Bell"],"picked":"Empty Cage"}],"items_purged_floors":[21,37,42,54],"is_endless":false,"potions_floor_spawned":[3,5,10,16,20,22,31,33,36,40,46,55],"ascension_level":20}