{"gold_per_floor":[110,130,145,169,182,182,217,217,217,230,261,282,282,316,316,396,468,514,564,600,258,311,311,369,421,421,470,470,531,193,226,226,308,308,328,3,3,23,84,120,138,181,181,230,267,291,338,362,374,386,398,410,422,26,56,56],"floor_reached":57,"playtime":5042,"items_purged":["Alpha","Wish"],"score":3733,"play_id":"afed2b42-d6a4-418e-a4ec-cbe55d988515","local_time":"20220212185938","is_ascension_mode":true,"campfire_choices":[{"data":"Consecrate","floor":6,"key":"SMITH"},{"data":"Eruption","floor":8,"key":"SMITH"},{"data":"TalkToTheHand","floor":15,"key":"SMITH"},{"data":"Devotion","floor":23,"key":"SMITH"},{"data":"Scrawl","floor":28,"key":"SMITH"},{"data":"Tantrum","floor":32,"key":"SMITH"},{"floor":49,"key":"RECALL"},{"data":"Prostrate","floor":53,"key":"SMITH"}],"neow_cost":"NONE","seed_source_timestamp":114663307231100,"circlet_count":0,"master_deck":["AscendersBane","Eruption+1","Vigilance+1","TalkToTheHand+1","FlyingSleeves","ThirdEye+1","Consecrate+1","WheelKick","CutThroughFate+1","Scrawl+1","Vault","ClearTheMind","Tantrum+1","WaveOfTheHand","Devotion+1","Establishment","TalkToTheHand","Wallop","Prostrate+1","ThirdEye+1","Protect+1","Sanctity+1","Scrawl+1","EmptyMind+1","Vault+1","Protect+1","Adaptation+1","Study","SpiritShield+1","Pray+1"],"relics":["Runic Dome","War Paint","Thread and Needle","CaptainsWheel","CeramicFish","Tiny Chest","Pandora\u0027s Box","Shuriken","Toxic Egg 2","Ice Cream","DollysMirror","Vajra","Coffee Dripper","Strange Spoon","Oddly Smooth Stone","Turnip","Anchor","Dream Catcher","Strawberry","MawBank","Centennial Puzzle","Ancient Tea Set","HornCleat","Bronze Scales"],"potions_floor_usage":[7,7,11,25,27,29,55,56,56],"damage_taken":[{"damage":0,"enemies":"Cultist","floor":1,"turns":2},{"damage":0,"enemies":"Jaw Worm","floor":2,"turns":3},{"damage":4,"enemies":"Small Slimes","floor":3,"turns":2},{"damage":0,"enemies":"Exordium Thugs","floor":5,"turns":4},{"damage":0,"enemies":"Lagavulin","floor":7,"turns":4},{"damage":0,"enemies":"3 Louse","floor":10,"turns":2},{"damage":0,"enemies":"3 Sentries","floor":11,"turns":2},{"damage":0,"enemies":"Gremlin Gang","floor":12,"turns":3},{"damage":0,"enemies":"Gremlin Nob","floor":14,"turns":2},{"damage":0,"enemies":"The Guardian","floor":16,"turns":9},{"damage":2,"enemies":"Shell Parasite","floor":18,"turns":6},{"damage":0,"enemies":"Spheric Guardian","floor":19,"turns":4},{"damage":0,"enemies":"Shelled Parasite and Fungi","floor":20,"turns":5},{"damage":0,"enemies":"Snecko","floor":22,"turns":4},{"damage":4,"enemies":"Book of Stabbing","floor":24,"turns":5},{"damage":2,"enemies":"Snake Plant","floor":25,"turns":4},{"damage":5,"enemies":"Shelled Parasite and Fungi","floor":27,"turns":6},{"damage":2,"enemies":"Slavers","floor":29,"turns":6},{"damage":0,"enemies":"Book of Stabbing","floor":31,"turns":4},{"damage":0,"enemies":"Automaton","floor":33,"turns":4},{"damage":0,"enemies":"3 Darklings","floor":35,"turns":5},{"damage":0,"enemies":"3 Shapes","floor":38,"turns":3},{"damage":0,"enemies":"2 Orb Walkers","floor":39,"turns":4},{"damage":0,"enemies":"Nemesis","floor":40,"turns":4},{"damage":0,"enemies":"Maw","floor":41,"turns":4},{"damage":0,"enemies":"Giant Head","floor":42,"turns":5},{"damage":0,"enemies":"Nemesis","floor":45,"turns":5},{"damage":0,"enemies":"4 Shapes","floor":46,"turns":5},{"damage":0,"enemies":"Giant Head","floor":47,"turns":5},{"damage":0,"enemies":"Writhing Mass","floor":48,"turns":5},{"damage":0,"enemies":"Awakened One","floor":50,"turns":7},{"damage":0,"enemies":"Donu and Deca","floor":51,"turns":10},{"damage":0,"enemies":"Shield and Spear","floor":55,"turns":3},{"damage":10,"enemies":"The Heart","floor":56,"turns":8}],"seed_played":"4226039202536206611","potions_obtained":[{"floor":1,"key":"SteroidPotion"},{"floor":2,"key":"Swift Potion"},{"floor":7,"key":"Swift Potion"},{"floor":12,"key":"DuplicationPotion"},{"floor":19,"key":"Swift Potion"},{"floor":25,"key":"Energy Potion"},{"floor":35,"key":"Energy Potion"},{"floor":40,"key":"Weak Potion"},{"floor":55,"key":"SpeedPotion"}],"is_trial":false,"path_per_floor":["M","M","M","T","M","R","E","R","T","M","E","M","?","E","R","B",null,"M","M","M","$","M","R","E","M","T","M","R","E","$","E","R","B",null,"M","$","?","M","?","E","M","E","T","T","E","M","E","M","R","B","B",null,"R","$","E","B",null],"character_chosen":"WATCHER","items_purchased":["Shuriken","DollysMirror","EmptyMind+1","Strange Spoon","Oddly Smooth Stone","HornCleat","Pray+1","Swift Potion"],"campfire_rested":0,"item_purchase_floors":[21,30,30,36,36,54,54,54],"current_hp_per_floor":[61,61,57,57,57,57,57,57,57,57,57,57,37,37,37,37,60,58,58,58,58,58,58,54,52,52,47,47,45,45,45,45,45,62,62,62,67,67,67,67,67,67,74,74,74,74,74,74,74,74,74,75,75,75,75,65],"gold":56,"neow_bonus":"BOSS_RELIC","is_prod":false,"is_daily":false,"chose_seed":false,"campfire_upgraded":7,"win_rate":0,"timestamp":1644710378,"path_taken":["M","M","M","?","M","R","E","R","T","M","E","?","?","E","R","BOSS","M","M","M","$","M","R","E","M","T","M","R","E","$","E","R","BOSS","M","$","?","?","?","E","M","E","T","?","E","?","E","M","R","BOSS","BOSS","R","$","E","BOSS"],"build_version":"2020-12-22","purchased_purges":2,"victory":true,"max_hp_per_floor":[68,68,68,68,68,68,68,68,68,68,68,68,68,68,68,68,68,68,68,68,68,68,68,68,68,68,68,68,68,68,68,68,68,68,68,68,68,68,68,68,68,68,75,75,75,75,75,75,75,75,75,75,75,75,75,75],"relic_stats":{"Ice Cream":[49],"counters":[34,154],"CeramicFish":225,"War Paint":["ThirdEye","Vigilance"],"MawBank":120,"Ancient Tea Set":[4],"Strange Spoon":[67],"Dream Catcher":0,"Centennial Puzzle":[3],"Shuriken":[55],"Bronze Scales":[96],"Tiny Chest":1,"Pandora\u0027s Box":["ClearTheMind","Tantrum","WaveOfTheHand","Devotion","Establishment","Wish","Alpha","Protect"],"Turnip":[7],"obtain_stats":[{"Ice Cream":29,"CeramicFish":11,"Vajra":31,"Ancient Tea Set":47,"Dream Catcher":42,"Centennial Puzzle":45,"HornCleat":54,"DollysMirror":30,"Strawberry":43,"Tiny Chest":14,"Toxic Egg 2":24,"Oddly Smooth Stone":36,"Thread and Needle":7,"War Paint":4,"MawBank":44,"Runic Dome":0,"Strange Spoon":36,"CaptainsWheel":9,"Anchor":40,"Shuriken":21,"Bronze Scales":55,"Pandora\u0027s Box":17,"Turnip":39,"Coffee Dripper":34,"PureWater":0},{"Ice Cream":18,"CeramicFish":7,"Vajra":19,"Ancient Tea Set":29,"Dream Catcher":26,"Centennial Puzzle":27,"HornCleat":32,"DollysMirror":18,"Strawberry":26,"Tiny Chest":9,"Toxic Egg 2":15,"Oddly Smooth Stone":21,"Thread and Needle":5,"War Paint":3,"MawBank":26,"Runic Dome":0,"Strange Spoon":21,"CaptainsWheel":5,"Anchor":24,"Shuriken":13,"Bronze Scales":33,"Pandora\u0027s Box":10,"Turnip":23,"Coffee Dripper":20,"PureWater":0},{"Ice Cream":73,"CeramicFish":19,"Vajra":77,"Ancient Tea Set":121,"Dream Catcher":106,"Centennial Puzzle":111,"HornCleat":143,"DollysMirror":73,"Strawberry":106,"Tiny Chest":24,"Toxic Egg 2":57,"Oddly Smooth Stone":86,"Thread and Needle":15,"War Paint":7,"MawBank":106,"Runic Dome":0,"Strange Spoon":86,"CaptainsWheel":15,"Anchor":97,"Shuriken":48,"Bronze Scales":146,"Pandora\u0027s Box":33,"Turnip":93,"Coffee Dripper":81,"PureWater":0}]},"card_choices":[{"not_picked":["Weave","CrushJoints"],"picked":"TalkToTheHand","floor":1},{"not_picked":["Swivel","Vengeance"],"picked":"FlyingSleeves","floor":2},{"not_picked":["Sanctity","CrushJoints"],"picked":"ThirdEye","floor":3},{"not_picked":["Sanctity","Judgement"],"picked":"Consecrate","floor":5},{"not_picked":["Protect","Halt","DeceiveReality"],"picked":"SKIP","floor":7},{"not_picked":["CutThroughFate","EmptyFist"],"picked":"WheelKick","floor":10},{"not_picked":["BattleHymn","BowlingBash","PathToVictory"],"picked":"SKIP","floor":11},{"not_picked":["BowlingBash","Prostrate"],"picked":"CutThroughFate","floor":12},{"not_picked":["Perseverance","EmptyFist"],"picked":"Scrawl","floor":14},{"not_picked":["DevaForm","Brilliance"],"picked":"Vault","floor":16},{"not_picked":["FollowUp","Halt"],"picked":"TalkToTheHand","floor":18},{"not_picked":["WindmillStrike","Evaluate"],"picked":"Wallop","floor":19},{"not_picked":["EmptyBody","Protect","CutThroughFate"],"picked":"SKIP","floor":20},{"not_picked":["ThirdEye","InnerPeace"],"picked":"Prostrate","floor":22},{"not_picked":["LikeWater","Fasting2","Wireheading"],"picked":"SKIP","floor":24},{"not_picked":["LikeWater","Nirvana"],"picked":"ThirdEye+1","floor":25},{"not_picked":["Wireheading","Crescendo+1"],"picked":"Protect+1","floor":27},{"not_picked":["Consecrate","Vengeance+1"],"picked":"Sanctity+1","floor":29},{"not_picked":["Devotion","Brilliance"],"picked":"Vault+1","floor":33},{"not_picked":["CrushJoints","BowlingBash+1"],"picked":"Protect+1","floor":38},{"not_picked":["SashWhip+1","Consecrate+1"],"picked":"Adaptation+1","floor":39},{"not_picked":["Wireheading","Sanctity+1"],"picked":"Study","floor":40},{"not_picked":["Sanctity+1","BowlingBash+1","CrushJoints"],"picked":"SKIP","floor":41},{"not_picked":["Halt+1","PathToVictory+1"],"picked":"SpiritShield+1","floor":42},{"not_picked":["EmptyMind+1","EmptyBody+1","JustLucky+1"],"picked":"SKIP","floor":45},{"not_picked":["ForeignInfluence+1","Weave+1","Study"],"picked":"SKIP","floor":47},{"not_picked":["DeceiveReality+1","ClearTheMind+1","ForeignInfluence+1"],"picked":"SKIP","floor":48},{"not_picked":["BattleHymn","CrushJoints+1","Halt+1"],"picked":"SKIP","floor":55}],"player_experience":6248397,"relics_obtained":[{"floor":4,"key":"War Paint"},{"floor":7,"key":"Thread and Needle"},{"floor":9,"key":"CaptainsWheel"},{"floor":11,"key":"CeramicFish"},{"floor":14,"key":"Tiny Chest"},{"floor":24,"key":"Toxic Egg 2"},{"floor":29,"key":"Ice Cream"},{"floor":31,"key":"Vajra"},{"floor":39,"key":"Turnip"},{"floor":40,"key":"Anchor"},{"floor":42,"key":"Dream Catcher"},{"floor":43,"key":"Strawberry"},{"floor":44,"key":"MawBank"},{"floor":45,"key":"Centennial Puzzle"},{"floor":47,"key":"Ancient Tea Set"},{"floor":55,"key":"Bronze Scales"}],"event_choices":[{"damage_healed":0,"gold_gain":0,"player_choice":"Entered Light","damage_taken":20,"max_hp_gain":0,"max_hp_loss":0,"event_name":"Shining Light","floor":13,"gold_loss":0,"cards_upgraded":["Strike_P","CutThroughFate"]},{"cards_removed":["Protect"],"damage_healed":5,"gold_gain":0,"player_choice":"Offered Common","damage_taken":0,"max_hp_gain":0,"max_hp_loss":0,"event_name":"Bonfire Elementals","floor":37,"gold_loss":0},{"cards_removed":["Protect"],"damage_healed":5,"gold_gain":0,"player_choice":"Offered Special","damage_taken":0,"max_hp_gain":0,"max_hp_loss":0,"event_name":"Bonfire Elementals","floor":37,"gold_loss":0},{"damage_healed":0,"gold_gain":0,"player_choice":"Fight","damage_taken":0,"max_hp_gain":0,"max_hp_loss":0,"event_name":"Mysterious Sphere","floor":39,"gold_loss":0}],"is_beta":false,"boss_relics":[{"not_picked":["Cursed Key","Sozu"],"picked":"Pandora\u0027s Box"},{"not_picked":["Black Star","Astrolabe"],"picked":"Coffee Dripper"}],"items_purged_floors":[21,30],"is_endless":false,"potions_floor_spawned":[1,2,7,12,19,22,24,25,35,40,46,47,48,55],"ascension_level":20}