{"gold_per_floor":[218,238,251,251,8,39,39,67,67,101,112,140,156,171,171,243,243,261,286,286,305,69,401,401,433,433,433,445,360,401,420,420,507,534,553,255,266,266,281,312,534,569,569,618,650,672,686,698,698,698,698,698,698,27,56,56],"floor_reached":57,"playtime":6254,"items_purged":["Defend_P","Strike_P","Strike_P+1"],"score":3389,"play_id":"82e3dbfe-efeb-4c1f-bc44-b105d1513e8f","local_time":"20220208173354","is_ascension_mode":true,"campfire_choices":[{"data":"Judgement","floor":7,"key":"SMITH"},{"data":"Meditate","floor":15,"key":"SMITH"},{"floor":27,"key":"REST"},{"floor":32,"key":"REST"},{"floor":49,"key":"RECALL"},{"floor":53,"key":"REST"}],"neow_cost":"NONE","seed_source_timestamp":1780468287542400,"circlet_count":0,"master_deck":["AscendersBane","Strike_P+1","Defend_P+1","Eruption+1","Vigilance+1","Meditate+1","FearNoEvil+1","CrushJoints+1","Judgement+1","Establishment+1","FlyingSleeves+1","LessonLearned+1","CutThroughFate+1","ThirdEye+1","InnerPeace+1","EmptyMind+1","CutThroughFate+1","MentalFortress+1","Vengeance+1","Omniscience+1","DeceiveReality+1","Vault+1","ReachHeaven+1","InnerPeace+1","EmptyMind+1","MentalFortress+1","InnerPeace+1","Wireheading+1"],"relics":["PureWater","Sling","Matryoshka","Potion Belt","Ancient Tea Set","White Beast Statue","Gremlin Horn","Art of War","Black Star","Red Mask","Enchiridion","Old Coin","Juzu Bracelet","Smiling Mask","GoldenEye","Akabeko","HornCleat","PreservedInsect","CeramicFish","StoneCalendar","Astrolabe","Strawberry","The Courier","Meat on the Bone","Omamori","Bottled Flame","Ice Cream","Blue Candle","CaptainsWheel","Strange Spoon","Bag of Marbles","Blood Vial","Yang","Ornamental Fan","Happy Flower"],"potions_floor_usage":[12,16,18,19,21,23,25,25,30,31,39,40,44,44,50,55,56,56,56],"damage_taken":[{"damage":0,"enemies":"Small Slimes","floor":1,"turns":2},{"damage":0,"enemies":"2 Louse","floor":2,"turns":3},{"damage":7,"enemies":"Jaw Worm","floor":3,"turns":3},{"damage":0,"enemies":"Gremlin Nob","floor":6,"turns":2},{"damage":2,"enemies":"3 Sentries","floor":8,"turns":4},{"damage":0,"enemies":"Gremlin Nob","floor":10,"turns":2},{"damage":0,"enemies":"3 Louse","floor":11,"turns":2},{"damage":0,"enemies":"3 Sentries","floor":12,"turns":3},{"damage":12,"enemies":"Looter","floor":13,"turns":4},{"damage":0,"enemies":"Large Slime","floor":14,"turns":2},{"damage":0,"enemies":"Slime Boss","floor":16,"turns":4},{"damage":0,"enemies":"3 Byrds","floor":18,"turns":3},{"damage":2,"enemies":"Masked Bandits","floor":19,"turns":3},{"damage":4,"enemies":"Shell Parasite","floor":21,"turns":4},{"damage":3,"enemies":"Slavers","floor":23,"turns":5},{"damage":0,"enemies":"Book of Stabbing","floor":25,"turns":2},{"damage":0,"enemies":"Snake Plant","floor":28,"turns":4},{"damage":6,"enemies":"Slavers","floor":30,"turns":3},{"damage":3,"enemies":"Centurion and Healer","floor":31,"turns":3},{"damage":33,"enemies":"Collector","floor":33,"turns":8},{"damage":0,"enemies":"Orb Walker","floor":35,"turns":3},{"damage":0,"enemies":"3 Darklings","floor":37,"turns":3},{"damage":0,"enemies":"Sphere and 2 Shapes","floor":39,"turns":3},{"damage":1,"enemies":"Nemesis","floor":40,"turns":4},{"damage":0,"enemies":"Giant Head","floor":42,"turns":5},{"damage":0,"enemies":"2 Orb Walkers","floor":44,"turns":4},{"damage":0,"enemies":"Reptomancer","floor":45,"turns":3},{"damage":0,"enemies":"Maw","floor":46,"turns":7},{"damage":0,"enemies":"Spire Growth","floor":47,"turns":4},{"damage":0,"enemies":"4 Shapes","floor":48,"turns":4},{"damage":0,"enemies":"Awakened One","floor":50,"turns":10},{"damage":8,"enemies":"Donu and Deca","floor":51,"turns":9},{"damage":0,"enemies":"Shield and Spear","floor":55,"turns":3},{"damage":35,"enemies":"The Heart","floor":56,"turns":10}],"seed_played":"5110784751322551418","potions_obtained":[{"floor":3,"key":"LiquidBronze"},{"floor":10,"key":"AttackPotion"},{"floor":11,"key":"Weak Potion"},{"floor":12,"key":"PowerPotion"},{"floor":13,"key":"CultistPotion"},{"floor":16,"key":"AttackPotion"},{"floor":18,"key":"Dexterity Potion"},{"floor":19,"key":"Fire Potion"},{"floor":21,"key":"Energy Potion"},{"floor":23,"key":"LiquidMemories"},{"floor":25,"key":"Dexterity Potion"},{"floor":28,"key":"Explosive Potion"},{"floor":30,"key":"ColorlessPotion"},{"floor":31,"key":"SmokeBomb"},{"floor":33,"key":"BlessingOfTheForge"},{"floor":35,"key":"Strength Potion"},{"floor":39,"key":"Strength Potion"},{"floor":40,"key":"Fire Potion"},{"floor":42,"key":"DistilledChaos"},{"floor":44,"key":"BlessingOfTheForge"},{"floor":45,"key":"GamblersBrew"},{"floor":46,"key":"Strength Potion"},{"floor":47,"key":"Energy Potion"},{"floor":55,"key":"FearPotion"}],"is_trial":false,"path_per_floor":["M","M","M","?","$","E","R","E","T","E","M","E","M","M","R","B",null,"M","?","?","M","$","E","?","E","T","R","M","?","E","M","R","B",null,"M","$","M","?","M","E","?","E","T","?","E","M","M","M","R","B","B",null,"R","$","E","B",null],"character_chosen":"WATCHER","items_purchased":["Sling","EmptyMind","Fire Potion","Strawberry","MentalFortress","Ancient Potion","Strange Spoon","Bag of Marbles","Blood Vial","Yang"],"campfire_rested":3,"item_purchase_floors":[5,22,22,36,36,54,54,54,54,54],"current_hp_per_floor":[61,61,54,54,54,54,54,52,52,52,52,52,40,40,40,40,61,61,59,38,34,34,31,12,12,12,33,33,33,27,24,45,12,58,58,65,65,65,65,64,64,64,64,64,64,64,64,64,64,64,56,71,76,76,76,41],"gold":56,"neow_bonus":"HUNDRED_GOLD","is_prod":false,"is_daily":false,"chose_seed":false,"campfire_upgraded":2,"win_rate":0,"timestamp":1644359634,"path_taken":["M","M","M","?","$","E","R","E","T","E","M","E","M","M","R","BOSS","M","?","?","M","$","E","?","E","T","R","M","?","E","M","R","BOSS","M","$","M","?","M","E","?","E","T","?","E","M","M","M","R","BOSS","BOSS","R","$","E","BOSS"],"build_version":"2020-12-22","purchased_purges":3,"victory":true,"max_hp_per_floor":[68,68,68,68,68,68,68,68,68,68,68,68,68,68,68,68,68,68,68,68,68,68,68,73,73,73,73,73,73,73,73,73,73,73,73,80,80,76,76,76,76,76,76,76,76,76,76,76,76,76,76,76,76,76,76,76],"relic_stats":{"Ice Cream":[9],"Gremlin Horn":[34,34],"CeramicFish":81,"StoneCalendar":[104],"Yang":[40],"Juzu Bracelet":0,"Ancient Tea Set":[10],"Smiling Mask":75,"Blood Vial":0,"Matryoshka":2,"Happy Flower":[3],"counters":[34,138],"Astrolabe":["ReachHeaven","InnerPeace","EmptyMind"],"Blue Candle":[0],"PreservedInsect":356,"The Courier":169,"Omamori":0,"GoldenEye":[182],"White Beast Statue":[0.0,0.0,0.0,0.4,0.0,0.6000000000000001,0.0,0.0,0.0,0.0,0.0,12.758651955200007],"Strange Spoon":[5],"Bottled Flame":"CutThroughFate","Ornamental Fan":[20],"Art of War":[21],"Black Star":7,"PureWater":[33],"obtain_stats":[{"Ice Cream":44,"Gremlin Horn":10,"CeramicFish":30,"Enchiridion":20,"StoneCalendar":30,"Yang":54,"Juzu Bracelet":23,"Sling":5,"Ancient Tea Set":9,"Smiling Mask":25,"Old Coin":23,"Blood Vial":54,"Matryoshka":6,"HornCleat":26,"Strawberry":36,"Red Mask":19,"Potion Belt":8,"Happy Flower":55,"Astrolabe":34,"Blue Candle":45,"PreservedInsect":29,"The Courier":40,"Omamori":42,"GoldenEye":25,"White Beast Statue":9,"Akabeko":26,"Strange Spoon":54,"Bottled Flame":42,"CaptainsWheel":45,"Ornamental Fan":55,"Art of War":12,"Black Star":17,"Bag of Marbles":54,"PureWater":0,"Meat on the Bone":40},{"Ice Cream":26,"Gremlin Horn":6,"CeramicFish":18,"Enchiridion":13,"StoneCalendar":18,"Yang":32,"Juzu Bracelet":15,"Sling":3,"Ancient Tea Set":5,"Smiling Mask":16,"Old Coin":15,"Blood Vial":32,"Matryoshka":4,"HornCleat":16,"Strawberry":21,"Red Mask":13,"Potion Belt":5,"Happy Flower":33,"Astrolabe":20,"Blue Candle":27,"PreservedInsect":17,"The Courier":24,"Omamori":25,"GoldenEye":16,"White Beast Statue":5,"Akabeko":16,"Strange Spoon":32,"Bottled Flame":25,"CaptainsWheel":27,"Ornamental Fan":33,"Art of War":8,"Black Star":11,"Bag of Marbles":32,"PureWater":0,"Meat on the Bone":24},{"Ice Cream":88,"Gremlin Horn":16,"CeramicFish":55,"Enchiridion":37,"StoneCalendar":55,"Yang":125,"Juzu Bracelet":46,"Sling":8,"Ancient Tea Set":14,"Smiling Mask":48,"Old Coin":46,"Blood Vial":125,"Matryoshka":10,"HornCleat":48,"Strawberry":69,"Red Mask":37,"Potion Belt":14,"Happy Flower":128,"Astrolabe":66,"Blue Candle":91,"PreservedInsect":52,"The Courier":79,"Omamori":84,"GoldenEye":48,"White Beast Statue":14,"Akabeko":48,"Strange Spoon":125,"Bottled Flame":84,"CaptainsWheel":91,"Ornamental Fan":128,"Art of War":21,"Black Star":31,"Bag of Marbles":125,"PureWater":0,"Meat on the Bone":79}],"Meat on the Bone":0},"card_choices":[{"not_picked":["FlurryOfBlows","ThirdEye"],"picked":"Meditate","floor":1},{"not_picked":["BowlingBash","FollowUp"],"picked":"FearNoEvil","floor":2},{"not_picked":["JustLucky","Weave"],"picked":"CrushJoints","floor":3},{"not_picked":["FearNoEvil","WaveOfTheHand"],"picked":"Judgement","floor":6},{"not_picked":["Halt","Meditate","Prostrate"],"picked":"SKIP","floor":8},{"not_picked":["FlyingSleeves","FollowUp"],"picked":"Establishment","floor":10},{"not_picked":["CrushJoints","EmptyFist"],"picked":"FlyingSleeves","floor":11},{"not_picked":["Prostrate","Consecrate"],"picked":"LessonLearned","floor":12},{"not_picked":["Halt","Worship","Fasting2"],"picked":"SKIP","floor":13},{"not_picked":["Halt","Worship","Fasting2"],"picked":"SKIP","floor":13},{"not_picked":["ClearTheMind","WheelKick"],"picked":"CutThroughFate","floor":14},{"not_picked":["EmptyFist","EmptyBody"],"picked":"ThirdEye","floor":18},{"not_picked":["Evaluate","Prostrate+1"],"picked":"InnerPeace","floor":19},{"not_picked":["Consecrate","CrushJoints","ClearTheMind+1"],"picked":"SKIP","floor":21},{"not_picked":["Consecrate","CrushJoints","ClearTheMind+1"],"picked":"SKIP","floor":21},{"not_picked":["Consecrate","CrushJoints","ClearTheMind+1"],"picked":"SKIP","floor":21},{"not_picked":["JustLucky","WaveOfTheHand"],"picked":"CutThroughFate","floor":23},{"not_picked":["Fasting2","Adaptation"],"picked":"MentalFortress","floor":25},{"not_picked":["ReachHeaven","Alpha"],"picked":"Vengeance","floor":28},{"not_picked":["Ragnarok","TalkToTheHand"],"picked":"Omniscience","floor":30},{"not_picked":["PathToVictory","Swivel"],"picked":"DeceiveReality","floor":31},{"not_picked":["Ragnarok","Devotion"],"picked":"Vault","floor":33},{"not_picked":["ClearTheMind","Weave","Fasting2"],"picked":"SKIP","floor":35},{"not_picked":["Evaluate","FollowUp+1","Halt+1"],"picked":"SKIP","floor":37},{"not_picked":["EmptyBody","BowlingBash","ClearTheMind"],"picked":"SKIP","floor":39},{"not_picked":["Wish","JustLucky","Evaluate"],"picked":"SKIP","floor":40},{"not_picked":["DeceiveReality","WindmillStrike"],"picked":"InnerPeace","floor":42},{"not_picked":["Crescendo","WreathOfFlame","Indignation"],"picked":"SKIP","floor":45},{"not_picked":["ThirdEye","Prostrate"],"picked":"Wireheading","floor":46},{"not_picked":["FlurryOfBlows","ReachHeaven","Blasphemy"],"picked":"SKIP","floor":47},{"not_picked":["BowlingBash","ForeignInfluence","Prostrate"],"picked":"SKIP","floor":48},{"not_picked":["ReachHeaven","LikeWater","SashWhip"],"picked":"SKIP","floor":55}],"player_experience":6162215,"relics_obtained":[{"floor":6,"key":"Matryoshka"},{"floor":8,"key":"Potion Belt"},{"floor":9,"key":"Ancient Tea Set"},{"floor":9,"key":"White Beast Statue"},{"floor":10,"key":"Gremlin Horn"},{"floor":12,"key":"Art of War"},{"floor":19,"key":"Red Mask"},{"floor":20,"key":"Enchiridion"},{"floor":23,"key":"Old Coin"},{"floor":23,"key":"Juzu Bracelet"},{"floor":25,"key":"Smiling Mask"},{"floor":25,"key":"GoldenEye"},{"floor":26,"key":"Akabeko"},{"floor":26,"key":"HornCleat"},{"floor":30,"key":"CeramicFish"},{"floor":30,"key":"StoneCalendar"},{"floor":40,"key":"The Courier"},{"floor":40,"key":"Meat on the Bone"},{"floor":42,"key":"Omamori"},{"floor":42,"key":"Bottled Flame"},{"floor":44,"key":"Ice Cream"},{"floor":45,"key":"Blue Candle"},{"floor":45,"key":"CaptainsWheel"},{"floor":55,"key":"Ornamental Fan"},{"floor":55,"key":"Happy Flower"}],"event_choices":[{"damage_healed":0,"gold_gain":0,"player_choice":"Grow","damage_taken":0,"max_hp_gain":0,"max_hp_loss":0,"event_name":"Living Wall","floor":4,"gold_loss":0,"cards_upgraded":["Eruption"]},{"damage_healed":0,"gold_gain":0,"player_choice":"Fought Bandits","damage_taken":0,"max_hp_gain":0,"max_hp_loss":0,"event_name":"Masked Bandits","floor":19,"gold_loss":0},{"damage_healed":0,"gold_gain":0,"player_choice":"Obtained Book","damage_taken":21,"max_hp_gain":0,"max_hp_loss":0,"event_name":"Cursed Tome","floor":20,"gold_loss":0},{"damage_healed":0,"gold_gain":0,"player_choice":"Shed Blood","damage_taken":24,"max_hp_gain":5,"max_hp_loss":0,"event_name":"Forgotten Altar","floor":24,"gold_loss":0},{"damage_healed":0,"gold_gain":0,"player_choice":"Obtained Relic","damage_taken":0,"relics_obtained":["PreservedInsect"],"max_hp_gain":0,"max_hp_loss":0,"event_name":"Addict","floor":29,"gold_loss":85},{"damage_healed":0,"gold_gain":0,"player_choice":"Max HP","damage_taken":0,"max_hp_gain":0,"max_hp_loss":4,"event_name":"Winding Halls","floor":38,"gold_loss":0},{"damage_healed":0,"gold_gain":222,"player_choice":"Wore Mask","damage_taken":0,"max_hp_gain":0,"max_hp_loss":0,"event_name":"Tomb of Lord Red Mask","floor":41,"gold_loss":0},{"damage_healed":0,"gold_gain":0,"player_choice":"Fight","damage_taken":0,"max_hp_gain":0,"max_hp_loss":0,"event_name":"Mysterious Sphere","floor":44,"gold_loss":0}],"is_beta":false,"boss_relics":[{"not_picked":["Runic Pyramid","HolyWater"],"picked":"Black Star"},{"not_picked":["Pandora\u0027s Box","Snecko Eye"],"picked":"Astrolabe"}],"items_purged_floors":[5,22,36],"is_endless":false,"potions_floor_spawned":[3,10,11,12,13,14,16,18,19,21,23,25,28,30,31,33,35,37,39,40,42,44,45,46,47,48,55],"ascension_level":20}