{"gold_per_floor":[116,133,146,71,71,71,84,9,9,9,34,47,76,86,86,165,165,177,77,77,93,8,37,37,49,49,59,73,101,114,140,140,214,214,234,234,254,129,147,174,174,201,201,201,221,231,257,272,272,272,272,272,272,97,131,131],"floor_reached":57,"playtime":6049,"items_purged":["Strike_P","Strike_P","Strike_P","Defend_P"],"score":3182,"play_id":"0c368ac8-c0d7-454f-83f4-a5f43e764c42","local_time":"20220311135656","is_ascension_mode":true,"campfire_choices":[{"data":"Eruption","floor":6,"key":"SMITH"},{"data":"TalkToTheHand","floor":15,"key":"SMITH"},{"data":"TalkToTheHand","floor":24,"key":"SMITH"},{"data":"Vigilance","floor":32,"key":"SMITH"},{"floor":41,"key":"RECALL"},{"data":"DevaForm","floor":44,"key":"SMITH"},{"data":"Halt","floor":49,"key":"SMITH"},{"data":"FollowUp","floor":53,"key":"SMITH"}],"neow_cost":"NONE","seed_source_timestamp":1275800940541400,"circlet_count":0,"master_deck":["AscendersBane","Eruption+1","Vigilance+1","FollowUp+1","TalkToTheHand+1","Vault+1","BowlingBash","TalkToTheHand+1","Tantrum+1","SashWhip+1","Ragnarok+1","Evaluate+1","FollowUp+1","CutThroughFate+1","DevaForm+1","Halt+1","JustLucky+1","CrushJoints+1","TalkToTheHand+1","JustLucky+1","JustLucky+1"],"relics":["Empty Cage","Yang","Mercury Hourglass","Molten Egg 2","Runic Pyramid","Blood Vial","Ancient Tea Set","Singing Bowl","Boot","Cursed Key","InkBottle","Oddly Smooth Stone","Nunchaku","Happy Flower"],"potions_floor_usage":[7,11,11,11,18,31,55,55,56],"damage_taken":[{"damage":0,"enemies":"Small Slimes","floor":1,"turns":2},{"damage":0,"enemies":"2 Louse","floor":2,"turns":2},{"damage":0,"enemies":"Cultist","floor":3,"turns":2},{"damage":11,"enemies":"Gremlin Gang","floor":7,"turns":4},{"damage":0,"enemies":"3 Sentries","floor":11,"turns":6},{"damage":0,"enemies":"2 Fungi Beasts","floor":12,"turns":4},{"damage":0,"enemies":"Gremlin Nob","floor":13,"turns":4},{"damage":1,"enemies":"3 Louse","floor":14,"turns":2},{"damage":2,"enemies":"The Guardian","floor":16,"turns":6},{"damage":6,"enemies":"2 Thieves","floor":18,"turns":3},{"damage":0,"enemies":"Chosen","floor":21,"turns":3},{"damage":0,"enemies":"Gremlin Leader","floor":23,"turns":4},{"damage":0,"enemies":"Snake Plant","floor":25,"turns":3},{"damage":0,"enemies":"Sentry and Sphere","floor":27,"turns":3},{"damage":0,"enemies":"Snecko","floor":28,"turns":3},{"damage":1,"enemies":"Book of Stabbing","floor":29,"turns":4},{"damage":0,"enemies":"Centurion and Healer","floor":30,"turns":4},{"damage":0,"enemies":"Gremlin Leader","floor":31,"turns":4},{"damage":0,"enemies":"Collector","floor":33,"turns":7},{"damage":11,"enemies":"3 Darklings","floor":35,"turns":3},{"damage":1,"enemies":"3 Shapes","floor":37,"turns":4},{"damage":0,"enemies":"Spire Growth","floor":39,"turns":4},{"damage":0,"enemies":"Reptomancer","floor":40,"turns":3},{"damage":0,"enemies":"Nemesis","floor":42,"turns":3},{"damage":1,"enemies":"Transient","floor":45,"turns":7},{"damage":0,"enemies":"Maw","floor":46,"turns":5},{"damage":0,"enemies":"Giant Head","floor":47,"turns":5},{"damage":6,"enemies":"Writhing Mass","floor":48,"turns":6},{"damage":1,"enemies":"Awakened One","floor":50,"turns":9},{"damage":12,"enemies":"Time Eater","floor":51,"turns":8},{"damage":5,"enemies":"Shield and Spear","floor":55,"turns":4},{"damage":30,"enemies":"The Heart","floor":56,"turns":8}],"seed_played":"6156270853713404102","potions_obtained":[{"floor":1,"key":"EntropicBrew"},{"floor":2,"key":"Ancient Potion"},{"floor":13,"key":"GamblersBrew"},{"floor":16,"key":"DuplicationPotion"},{"floor":18,"key":"SteroidPotion"},{"floor":28,"key":"Ambrosia"},{"floor":40,"key":"PowerPotion"},{"floor":46,"key":"SteroidPotion"},{"floor":55,"key":"FearPotion"}],"is_trial":false,"path_per_floor":["M","M","M","?","?","R","M","$","T","?","E","M","E","M","R","B",null,"M","$","?","M","?","E","R","M","T","M","M","E","M","E","R","B",null,"M","?","M","$","M","E","R","E","T","R","M","M","E","M","R","B","B",null,"R","$","E","B",null],"character_chosen":"WATCHER","items_purchased":["JustLucky+1"],"campfire_rested":0,"item_purchase_floors":[54],"current_hp_per_floor":[61,61,61,61,54,54,43,43,43,43,43,43,43,42,42,40,61,55,55,55,55,55,57,57,59,59,61,63,66,70,72,72,72,72,63,63,66,66,70,74,74,78,78,78,79,81,82,76,76,77,67,78,78,78,75,47],"gold":131,"neow_bonus":"BOSS_RELIC","is_prod":false,"is_daily":false,"chose_seed":false,"campfire_upgraded":7,"win_rate":0,"timestamp":1647025016,"path_taken":["M","M","M","?","?","R","M","$","T","?","E","M","E","M","R","BOSS","M","$","?","?","?","E","R","M","T","M","M","E","M","E","R","BOSS","M","?","M","$","M","E","R","E","T","R","M","M","E","M","R","BOSS","BOSS","R","$","E","BOSS"],"build_version":"2022-03-07","purchased_purges":4,"victory":true,"max_hp_per_floor":[68,68,68,68,68,68,68,68,68,68,68,68,68,68,68,68,68,68,68,68,68,68,68,68,68,68,68,68,70,72,72,72,72,72,74,74,76,76,78,80,80,82,82,82,82,82,82,82,82,82,82,82,82,82,82,82],"relic_stats":{"Blood Vial":35,"Nunchaku":[12],"Singing Bowl":14,"Happy Flower":[2],"counters":[32,138],"Yang":[368],"Ancient Tea Set":[12],"Boot":[158],"Cursed Key":0,"obtain_stats":[{"Singing Bowl":29,"Happy Flower":55,"Oddly Smooth Stone":42,"Yang":9,"Empty Cage":0,"Ancient Tea Set":23,"Boot":31,"Cursed Key":34,"Mercury Hourglass":11,"Blood Vial":22,"Nunchaku":47,"Molten Egg 2":13,"PureWater":0,"InkBottle":40,"Runic Pyramid":17},{"Singing Bowl":16,"Happy Flower":31,"Oddly Smooth Stone":24,"Yang":4,"Empty Cage":0,"Ancient Tea Set":12,"Boot":18,"Cursed Key":19,"Mercury Hourglass":5,"Blood Vial":11,"Nunchaku":27,"Molten Egg 2":7,"PureWater":0,"InkBottle":23,"Runic Pyramid":9},{"Singing Bowl":54,"Happy Flower":130,"Oddly Smooth Stone":86,"Yang":10,"Empty Cage":0,"Ancient Tea Set":41,"Boot":62,"Cursed Key":69,"Mercury Hourglass":16,"Blood Vial":37,"Nunchaku":103,"Molten Egg 2":23,"PureWater":0,"InkBottle":83,"Runic Pyramid":31}],"InkBottle":[24],"Mercury Hourglass":[458]},"card_choices":[{"not_picked":["JustLucky","FlurryOfBlows"],"picked":"BattleHymn","floor":1},{"not_picked":["FlyingSleeves","JustLucky","FollowUp"],"picked":"SKIP","floor":2},{"not_picked":["FlyingSleeves","JustLucky"],"picked":"FollowUp","floor":2},{"not_picked":["Fasting2","MasterReality"],"picked":"TalkToTheHand","floor":3},{"not_picked":["ClearTheMind","DevaForm"],"picked":"BowlingBash","floor":11},{"not_picked":["FollowUp","Protect"],"picked":"TalkToTheHand","floor":12},{"not_picked":["Judgement","BowlingBash+1"],"picked":"Tantrum+1","floor":13},{"not_picked":["WindmillStrike+1","Halt"],"picked":"SashWhip+1","floor":14},{"not_picked":["Judgement","DevaForm"],"picked":"Ragnarok+1","floor":16},{"not_picked":["Weave+1","CrushJoints+1"],"picked":"Evaluate+1","floor":18},{"not_picked":["ReachHeaven+1","Evaluate"],"picked":"FollowUp+1","floor":21},{"not_picked":["Fasting2","Nirvana","Tantrum+1"],"picked":"SKIP","floor":23},{"not_picked":["Fasting2","Nirvana","Tantrum+1"],"picked":"SKIP","floor":23},{"not_picked":["FlyingSleeves+1","Weave+1","Crescendo"],"picked":"SKIP","floor":25},{"not_picked":["Weave+1","Wireheading","ClearTheMind"],"picked":"SKIP","floor":27},{"not_picked":["Consecrate+1","SashWhip+1","EmptyBody"],"picked":"SKIP","floor":28},{"not_picked":["FlurryOfBlows+1","EmptyMind","Indignation"],"picked":"Singing Bowl","floor":29},{"not_picked":["FlyingSleeves+1","Consecrate+1","LessonLearned+1"],"picked":"Singing Bowl","floor":30},{"not_picked":["Nirvana","FollowUp+1"],"picked":"CutThroughFate+1","floor":31},{"not_picked":["Establishment","MasterReality"],"picked":"DevaForm","floor":33},{"not_picked":["Weave+1","CrushJoints+1","Crescendo"],"picked":"Singing Bowl","floor":35},{"not_picked":["ThirdEye","ClearTheMind","SashWhip+1"],"picked":"Singing Bowl","floor":37},{"not_picked":["EmptyFist+1","Prostrate+1","Consecrate+1"],"picked":"Singing Bowl","floor":39},{"not_picked":["BattleHymn","ConjureBlade","SandsOfTime+1"],"picked":"Singing Bowl","floor":40},{"not_picked":["Worship","Brilliance+1","Evaluate+1"],"picked":"Singing Bowl","floor":42},{"not_picked":["FlyingSleeves+1","Crescendo+1"],"picked":"Halt","floor":45},{"not_picked":["Pray","SpiritShield"],"picked":"JustLucky+1","floor":46},{"not_picked":["Adaptation","ForeignInfluence"],"picked":"CrushJoints+1","floor":47},{"not_picked":["EmptyBody+1","WheelKick+1"],"picked":"TalkToTheHand+1","floor":48},{"not_picked":["Wireheading","CutThroughFate+1"],"picked":"JustLucky+1","floor":55}],"player_experience":6444126,"relics_obtained":[{"floor":9,"key":"Yang"},{"floor":11,"key":"Mercury Hourglass"},{"floor":13,"key":"Molten Egg 2"},{"floor":23,"key":"Ancient Tea Set"},{"floor":29,"key":"Singing Bowl"},{"floor":31,"key":"Boot"},{"floor":40,"key":"InkBottle"},{"floor":42,"key":"Oddly Smooth Stone"},{"floor":47,"key":"Nunchaku"},{"floor":55,"key":"Happy Flower"}],"event_choices":[{"cards_removed":["Defend_P"],"damage_healed":0,"gold_gain":0,"player_choice":"Card Removal","damage_taken":0,"max_hp_gain":0,"max_hp_loss":0,"event_name":"The Cleric","floor":4,"gold_loss":75},{"cards_removed":["Strike_P"],"damage_healed":0,"gold_gain":0,"player_choice":"Card Removal","damage_taken":7,"max_hp_gain":0,"max_hp_loss":0,"event_name":"Golden Wing","floor":5,"gold_loss":0},{"damage_healed":0,"gold_gain":0,"player_choice":"1 cards matched","damage_taken":0,"max_hp_gain":0,"max_hp_loss":0,"event_name":"Match and Keep!","floor":10,"gold_loss":0,"cards_obtained":["Vault"]},{"damage_healed":0,"gold_gain":0,"player_choice":"1 cards matched","damage_taken":0,"max_hp_gain":0,"max_hp_loss":0,"event_name":"Match and Keep!","floor":10,"gold_loss":0,"cards_obtained":["Vault"]},{"damage_healed":0,"gold_gain":0,"player_choice":"1 cards matched","damage_taken":0,"max_hp_gain":0,"max_hp_loss":0,"event_name":"Match and Keep!","floor":10,"gold_loss":0,"cards_obtained":["Vault"]},{"damage_healed":0,"gold_gain":0,"player_choice":"Forge","damage_taken":0,"max_hp_gain":0,"max_hp_loss":0,"event_name":"Accursed Blacksmith","floor":20,"gold_loss":0,"cards_upgraded":["Vault"]},{"damage_healed":0,"gold_gain":0,"player_choice":"Obtained Relic","damage_taken":0,"relics_obtained":["Blood Vial"],"max_hp_gain":0,"max_hp_loss":0,"event_name":"Addict","floor":22,"gold_loss":85},{"cards_removed":["BattleHymn"],"damage_healed":0,"gold_gain":0,"player_choice":"Removed Power","damage_taken":0,"max_hp_gain":0,"max_hp_loss":0,"event_name":"Falling","floor":36,"gold_loss":0}],"is_beta":false,"boss_relics":[{"not_picked":["Tiny House","SacredBark"],"picked":"Runic Pyramid"},{"not_picked":["Philosopher\u0027s Stone","VioletLotus"],"picked":"Cursed Key"}],"items_purged_floors":[8,19,38,54],"is_endless":false,"potions_floor_spawned":[1,2,3,13,16,18,25,28,29,30,40,45,46,48,55],"ascension_level":20}