{"gold_per_floor":[112,127,127,139,158,192,59,89,89,114,114,134,166,166,178,262,274,302,328,340,394,463,532,544,615,627,691,703,146,220,270,270,367,367,428,472,472,562,633,717,77,162,187,37,105,172,233,311,311,411,461,461,461,42,150,150],"floor_reached":57,"playtime":5807,"items_purged":["Defend_P","Injury","Strike_P","Strike_P","Doubt"],"score":3171,"play_id":"7db7b8b4-5fa0-491b-9120-7ec84fa2fe53","local_time":"20220317171846","is_ascension_mode":true,"campfire_choices":[{"data":"Eruption","floor":11,"key":"SMITH"},{"data":"ThirdEye","floor":15,"key":"SMITH"},{"data":"MentalFortress","floor":24,"key":"SMITH"},{"data":"EmptyMind","floor":28,"key":"SMITH"},{"data":"HandOfGreed","floor":32,"key":"SMITH"},{"floor":49,"key":"RECALL"},{"floor":53,"key":"REST"}],"neow_cost":"NONE","seed_source_timestamp":1802954212606800,"circlet_count":0,"master_deck":["AscendersBane","Strike_P","Defend_P","Defend_P","Defend_P","Eruption+1","Vigilance","SashWhip","Indignation","ReachHeaven","BowlingBash","EmptyFist","ThirdEye+1","ThirdEye","Adaptation","DevaForm","Wish","TalkToTheHand","MentalFortress+1","InnerPeace","DeusExMachina","Adaptation","EmptyMind+1","HandOfGreed+1","DevaForm","MentalFortress","Meditate+1","Fasting2","InnerPeace+1","ConjureBlade","Omniscience"],"relics":["Cursed Key","Pen Nib","Bronze Scales","PreservedInsect","Bird Faced Urn","MawBank","Snecko Eye","Red Mask","Orichalcum","Dream Catcher","Mummified Hand","Calipers","Singing Bowl","Pantograph","Fusion Hammer","Du-Vu Doll","StrikeDummy","OrangePellets","Kunai","Lantern","Bottled Tornado","Sundial"],"potions_floor_usage":[6,8,19,25,38,39,40,46,55,56],"damage_taken":[{"damage":1,"enemies":"Small Slimes","floor":1,"turns":3},{"damage":0,"enemies":"Cultist","floor":2,"turns":2},{"damage":1,"enemies":"Jaw Worm","floor":4,"turns":2},{"damage":0,"enemies":"Large Slime","floor":5,"turns":3},{"damage":0,"enemies":"Lagavulin","floor":6,"turns":4},{"damage":6,"enemies":"Gremlin Nob","floor":8,"turns":3},{"damage":3,"enemies":"3 Sentries","floor":10,"turns":3},{"damage":0,"enemies":"2 Fungi Beasts","floor":12,"turns":2},{"damage":0,"enemies":"Lagavulin","floor":13,"turns":4},{"damage":14,"enemies":"Hexaghost","floor":16,"turns":8},{"damage":18,"enemies":"Shell Parasite","floor":18,"turns":4},{"damage":0,"enemies":"Chosen","floor":19,"turns":2},{"damage":7,"enemies":"Shelled Parasite and Fungi","floor":21,"turns":6},{"damage":5,"enemies":"Masked Bandits","floor":22,"turns":3},{"damage":7,"enemies":"Book of Stabbing","floor":23,"turns":3},{"damage":9,"enemies":"Gremlin Leader","floor":25,"turns":5},{"damage":8,"enemies":"Book of Stabbing","floor":27,"turns":3},{"damage":3,"enemies":"Slavers","floor":30,"turns":6},{"damage":0,"enemies":"Automaton","floor":33,"turns":6},{"damage":8,"enemies":"3 Darklings","floor":35,"turns":6},{"damage":2,"enemies":"Orb Walker","floor":36,"turns":2},{"damage":14,"enemies":"Sphere and 2 Shapes","floor":38,"turns":6},{"damage":23,"enemies":"2 Orb Walkers","floor":39,"turns":4},{"damage":15,"enemies":"Nemesis","floor":40,"turns":8},{"damage":0,"enemies":"Giant Head","floor":42,"turns":3},{"damage":4,"enemies":"Writhing Mass","floor":45,"turns":4},{"damage":9,"enemies":"Spire Growth","floor":46,"turns":3},{"damage":0,"enemies":"Maw","floor":47,"turns":4},{"damage":1,"enemies":"Reptomancer","floor":48,"turns":5},{"damage":34,"enemies":"Awakened One","floor":50,"turns":7},{"damage":31,"enemies":"Time Eater","floor":51,"turns":10},{"damage":0,"enemies":"Shield and Spear","floor":55,"turns":4},{"damage":25,"enemies":"The Heart","floor":56,"turns":6}],"seed_played":"468260618007493208","potions_obtained":[{"floor":2,"key":"Ancient Potion"},{"floor":3,"key":"CultistPotion"},{"floor":3,"key":"Ancient Potion"},{"floor":4,"key":"FearPotion"},{"floor":6,"key":"Fire Potion"},{"floor":10,"key":"PowerPotion"},{"floor":12,"key":"SteroidPotion"},{"floor":21,"key":"Explosive Potion"},{"floor":25,"key":"StancePotion"},{"floor":35,"key":"LiquidMemories"},{"floor":38,"key":"Weak Potion"},{"floor":39,"key":"EssenceOfSteel"},{"floor":45,"key":"StancePotion"},{"floor":47,"key":"ColorlessPotion"}],"is_trial":false,"path_per_floor":["M","M","?","M","M","E","$","E","T","E","R","M","E","?","R","B",null,"M","M","?","M","?","E","R","E","T","E","R","$","E","?","R","B",null,"M","M","?","M","?","E","$","E","T","$","M","M","M","E","R","B","B",null,"R","$","E","B",null],"character_chosen":"WATCHER","items_purchased":["ThirdEye","Singing Bowl","HandOfGreed","OrangePellets","Kunai","Fasting2","ConjureBlade","DuplicationPotion"],"campfire_rested":1,"item_purchase_floors":[7,29,29,41,41,41,54,54],"current_hp_per_floor":[60,60,60,59,59,59,59,53,53,50,50,50,50,45,45,35,60,46,48,48,47,48,47,47,44,44,42,42,42,49,42,42,70,70,66,70,70,62,47,46,46,60,60,60,70,73,82,84,84,59,58,78,86,86,86,75],"gold":150,"neow_bonus":"BOSS_RELIC","is_prod":false,"is_daily":false,"chose_seed":false,"campfire_upgraded":5,"win_rate":0,"timestamp":1647551926,"path_taken":["M","M","?","M","?","E","$","E","T","E","R","M","E","?","R","BOSS","M","M","?","M","?","E","R","E","T","E","R","$","E","?","R","BOSS","M","?","?","M","?","E","$","E","T","?","M","M","M","E","R","BOSS","BOSS","R","$","E","BOSS"],"build_version":"2022-03-07","purchased_purges":5,"victory":true,"max_hp_per_floor":[68,68,68,68,68,68,68,68,68,68,68,68,68,68,68,68,68,68,68,68,68,68,68,68,68,68,68,68,68,70,70,70,70,70,70,70,70,72,74,76,76,76,76,76,78,80,82,84,84,84,84,84,86,86,86,86],"relic_stats":{"Calipers":[1210],"Singing Bowl":18,"counters":[33,144],"Pen Nib":[29],"PreservedInsect":522,"Orichalcum":[48],"Bottled Tornado":"DevaForm","Cursed Key":2,"MawBank":180,"OrangePellets":[33],"Dream Catcher":1,"Mummified Hand":[151],"Sundial":[2],"Bronze Scales":[358],"Bird Faced Urn":[155],"Pantograph":50,"Snecko Eye":[156,147,150,147,-120],"Kunai":[21],"obtain_stats":[{"Lantern":42,"Calipers":27,"Singing Bowl":29,"Pen Nib":6,"PreservedInsect":10,"Orichalcum":23,"Bottled Tornado":48,"Cursed Key":0,"MawBank":14,"Du-Vu Doll":39,"OrangePellets":41,"Dream Catcher":25,"Mummified Hand":26,"Sundial":55,"Bronze Scales":8,"Bird Faced Urn":13,"Pantograph":30,"Snecko Eye":17,"Fusion Hammer":34,"Red Mask":22,"Kunai":41,"PureWater":0,"StrikeDummy":40},{"Lantern":25,"Calipers":17,"Singing Bowl":17,"Pen Nib":5,"PreservedInsect":7,"Orichalcum":15,"Bottled Tornado":29,"Cursed Key":0,"MawBank":9,"Du-Vu Doll":23,"OrangePellets":24,"Dream Catcher":16,"Mummified Hand":16,"Sundial":32,"Bronze Scales":6,"Bird Faced Urn":9,"Pantograph":18,"Snecko Eye":10,"Fusion Hammer":19,"Red Mask":14,"Kunai":24,"PureWater":0,"StrikeDummy":24},{"Lantern":101,"Calipers":60,"Singing Bowl":60,"Pen Nib":14,"PreservedInsect":20,"Orichalcum":52,"Bottled Tornado":117,"Cursed Key":0,"MawBank":26,"Du-Vu Doll":90,"OrangePellets":98,"Dream Catcher":57,"Mummified Hand":57,"Sundial":138,"Bronze Scales":17,"Bird Faced Urn":26,"Pantograph":66,"Snecko Eye":34,"Fusion Hammer":72,"Red Mask":49,"Kunai":98,"PureWater":0,"StrikeDummy":98}]},"card_choices":[{"not_picked":["FollowUp","Protect"],"picked":"SashWhip","floor":1},{"not_picked":["Perseverance","JustLucky"],"picked":"Indignation","floor":2},{"not_picked":["FlyingSleeves","EmptyBody"],"picked":"ReachHeaven","floor":4},{"not_picked":["Evaluate","SandsOfTime"],"picked":"BowlingBash","floor":5},{"not_picked":["Swivel","Pray"],"picked":"EmptyFist","floor":6},{"not_picked":["Weave","Consecrate"],"picked":"ThirdEye","floor":8},{"not_picked":["Judgement","BowlingBash"],"picked":"Adaptation","floor":10},{"not_picked":["Protect","DeceiveReality","FlyingSleeves"],"picked":"SKIP","floor":12},{"not_picked":["FlurryOfBlows","SashWhip"],"picked":"DevaForm","floor":13},{"not_picked":["MasterReality","Brilliance"],"picked":"Wish","floor":16},{"not_picked":["Crescendo","CutThroughFate","CrushJoints"],"picked":"SKIP","floor":18},{"not_picked":["Halt","Evaluate"],"picked":"TalkToTheHand","floor":19},{"not_picked":["BattleHymn","ForeignInfluence","CutThroughFate"],"picked":"SKIP","floor":21},{"not_picked":["Halt","FlyingSleeves"],"picked":"InnerPeace","floor":22},{"not_picked":["TalkToTheHand","ClearTheMind"],"picked":"DeusExMachina","floor":23},{"not_picked":["Protect","EmptyFist"],"picked":"Adaptation","floor":25},{"not_picked":["SashWhip","MasterReality"],"picked":"EmptyMind","floor":27},{"not_picked":["Evaluate","JustLucky+1","BattleHymn+1"],"picked":"Singing Bowl","floor":30},{"not_picked":["Brilliance","Devotion"],"picked":"DevaForm","floor":33},{"not_picked":["Prostrate","Evaluate"],"picked":"MentalFortress","floor":35},{"not_picked":["ThirdEye","Nirvana"],"picked":"Meditate+1","floor":36},{"not_picked":["Halt","Conclude","ThirdEye"],"picked":"Singing Bowl","floor":38},{"not_picked":["JustLucky","EmptyFist","FlurryOfBlows"],"picked":"Singing Bowl","floor":39},{"not_picked":["Adaptation","FollowUp","Conclude+1"],"picked":"Singing Bowl","floor":40},{"not_picked":["MasterReality","FlyingSleeves"],"picked":"InnerPeace+1","floor":42},{"not_picked":["Pray","Prostrate","Weave"],"picked":"Singing Bowl","floor":45},{"not_picked":["ClearTheMind","BowlingBash+1","FlyingSleeves"],"picked":"Singing Bowl","floor":46},{"not_picked":["Nirvana","Crescendo","Consecrate+1"],"picked":"Singing Bowl","floor":47},{"not_picked":["Evaluate","Worship","Nirvana"],"picked":"Singing Bowl","floor":48},{"not_picked":["ReachHeaven+1","CutThroughFate","JustLucky"],"picked":"Singing Bowl","floor":53},{"not_picked":["Sanctity+1","Crescendo"],"picked":"Omniscience","floor":55}],"player_experience":6499567,"relics_obtained":[{"floor":6,"key":"Pen Nib"},{"floor":8,"key":"Bronze Scales"},{"floor":10,"key":"PreservedInsect"},{"floor":13,"key":"Bird Faced Urn"},{"floor":22,"key":"Red Mask"},{"floor":23,"key":"Orichalcum"},{"floor":25,"key":"Dream Catcher"},{"floor":26,"key":"Mummified Hand"},{"floor":27,"key":"Calipers"},{"floor":30,"key":"Pantograph"},{"floor":39,"key":"Du-Vu Doll"},{"floor":40,"key":"StrikeDummy"},{"floor":42,"key":"Lantern"},{"floor":48,"key":"Bottled Tornado"},{"floor":55,"key":"Sundial"}],"event_choices":[{"damage_healed":0,"gold_gain":0,"player_choice":"Got Potions","damage_taken":0,"max_hp_gain":0,"max_hp_loss":0,"event_name":"Lab","floor":3,"gold_loss":0},{"damage_healed":0,"gold_gain":0,"player_choice":"Success","damage_taken":5,"relics_obtained":["MawBank"],"max_hp_gain":0,"max_hp_loss":0,"event_name":"Scrap Ooze","floor":14,"gold_loss":0},{"damage_healed":0,"gold_gain":0,"player_choice":"Read","damage_taken":0,"max_hp_gain":0,"max_hp_loss":0,"event_name":"The Library","floor":20,"gold_loss":0,"cards_obtained":["MentalFortress"]},{"damage_healed":0,"gold_gain":0,"player_choice":"Fought Bandits","damage_taken":0,"max_hp_gain":0,"max_hp_loss":0,"event_name":"Masked Bandits","floor":22,"gold_loss":0},{"damage_healed":0,"gold_gain":50,"player_choice":"Touch","damage_taken":7,"max_hp_gain":0,"max_hp_loss":0,"event_name":"FaceTrader","floor":31,"gold_loss":0},{"cards_removed":["Strike_P"],"damage_healed":0,"gold_gain":0,"player_choice":"Removed Attack","damage_taken":0,"max_hp_gain":0,"max_hp_loss":0,"event_name":"Falling","floor":37,"gold_loss":0},{"damage_healed":0,"gold_gain":0,"player_choice":"Fight","damage_taken":0,"max_hp_gain":0,"max_hp_loss":0,"event_name":"Mysterious Sphere","floor":39,"gold_loss":0}],"is_beta":false,"boss_relics":[{"not_picked":["Empty Cage","Coffee Dripper"],"picked":"Snecko Eye"},{"not_picked":["Velvet Choker","Runic Dome"],"picked":"Fusion Hammer"}],"items_purged_floors":[7,29,41,44,54],"is_endless":false,"potions_floor_spawned":[2,4,6,10,12,13,21,22,25,27,35,38,39,45,47,48],"ascension_level":20}