{"gold_per_floor":[119,136,136,147,165,192,192,219,219,219,245,42,53,53,53,127,127,146,163,63,76,89,89,99,130,130,164,164,39,69,79,79,153,153,192,33,76,120,120,175,175,226,226,226,62,114,114,150,150,180,210,210,210,50,84,84],"floor_reached":57,"playtime":5596,"items_purged":["Defend_P","Strike_P","Defend_P"],"score":2990,"play_id":"a273a657-333f-451f-9bec-922dd4f618ab","local_time":"20220322173204","is_ascension_mode":true,"campfire_choices":[{"floor":7,"key":"REST"},{"floor":10,"key":"REST"},{"floor":15,"key":"REST"},{"floor":32,"key":"REST"},{"floor":44,"key":"RECALL"},{"floor":49,"key":"REST"},{"floor":53,"key":"REST"}],"neow_cost":"NONE","seed_source_timestamp":2235923686709300,"circlet_count":0,"master_deck":["AscendersBane","Strike_P+1","Strike_P+1","Strike_P+1","Defend_P+1","Eruption+1","Vigilance+1","Tantrum+1","EmptyFist+1","Halt+1","ThirdEye+1","Adaptation","FearNoEvil+1","LikeWater+1","LessonLearned+1","FearNoEvil+1","CrushJoints+1","CutThroughFate+1","CarveReality+1","Wish+1","MentalFortress+1","Adaptation+1","InnerPeace+1","ThirdEye+1","MentalFortress+1","Halt+1","Meditate+1","WaveOfTheHand+1"],"relics":["Fusion Hammer","Bird Faced Urn","Bronze Scales","Ginger","Cursed Key","PreservedInsect","Whetstone","Anchor","Runic Pyramid","Strawberry","Unceasing Top","DollysMirror","Shuriken","Blood Vial"],"potions_floor_usage":[6,18,19,22,24,27,56,56],"damage_taken":[{"damage":0,"enemies":"2 Louse","floor":1,"turns":2},{"damage":0,"enemies":"Jaw Worm","floor":2,"turns":3},{"damage":0,"enemies":"Cultist","floor":4,"turns":2},{"damage":0,"enemies":"Large Slime","floor":5,"turns":2},{"damage":15,"enemies":"3 Sentries","floor":6,"turns":5},{"damage":20,"enemies":"Lagavulin","floor":8,"turns":6},{"damage":10,"enemies":"3 Sentries","floor":11,"turns":5},{"damage":4,"enemies":"Red Slaver","floor":13,"turns":4},{"damage":10,"enemies":"The Guardian","floor":16,"turns":9},{"damage":14,"enemies":"Shell Parasite","floor":18,"turns":7},{"damage":14,"enemies":"2 Thieves","floor":19,"turns":4},{"damage":0,"enemies":"Snake Plant","floor":21,"turns":3},{"damage":11,"enemies":"Shelled Parasite and Fungi","floor":22,"turns":3},{"damage":0,"enemies":"Centurion and Healer","floor":24,"turns":5},{"damage":12,"enemies":"Book of Stabbing","floor":25,"turns":3},{"damage":6,"enemies":"Slavers","floor":27,"turns":3},{"damage":0,"enemies":"Book of Stabbing","floor":30,"turns":2},{"damage":13,"enemies":"Snake Plant","floor":31,"turns":4},{"damage":2,"enemies":"Champ","floor":33,"turns":5},{"damage":23,"enemies":"Orb Walker","floor":35,"turns":4},{"damage":15,"enemies":"3 Darklings","floor":37,"turns":6},{"damage":30,"enemies":"Sphere and 2 Shapes","floor":38,"turns":6},{"damage":0,"enemies":"Giant Head","floor":40,"turns":4},{"damage":6,"enemies":"Nemesis","floor":42,"turns":5},{"damage":0,"enemies":"Reptomancer","floor":46,"turns":5},{"damage":6,"enemies":"Spire Growth","floor":48,"turns":4},{"damage":0,"enemies":"Time Eater","floor":50,"turns":9},{"damage":26,"enemies":"Awakened One","floor":51,"turns":5},{"damage":26,"enemies":"Shield and Spear","floor":55,"turns":5},{"damage":53,"enemies":"The Heart","floor":56,"turns":9}],"seed_played":"-655381384809422545","potions_obtained":[{"floor":1,"key":"SpeedPotion"},{"floor":4,"key":"PowerPotion"},{"floor":16,"key":"Weak Potion"},{"floor":18,"key":"Weak Potion"},{"floor":21,"key":"Swift Potion"},{"floor":22,"key":"LiquidMemories"},{"floor":31,"key":"SpeedPotion"},{"floor":33,"key":"PowerPotion"},{"floor":35,"key":"DuplicationPotion"},{"floor":48,"key":"Dexterity Potion"}],"is_trial":false,"path_per_floor":["M","M","?","M","M","E","R","E","T","R","E","$","M","?","R","B",null,"M","M","$","M","M","?","M","E","T","E","?","$","E","M","R","B",null,"M","$","M","M","$","E","?","E","T","R","$","E","$","M","R","B","B",null,"R","$","E","B",null],"character_chosen":"WATCHER","items_purchased":["Adaptation","FearNoEvil","Adaptation","InnerPeace","DollysMirror","Ancient Potion","Meditate"],"campfire_rested":6,"item_purchase_floors":[12,12,36,36,45,54,54],"current_hp_per_floor":[61,61,41,41,41,26,46,26,26,46,36,36,34,34,54,48,63,53,43,43,47,40,40,44,36,36,34,34,34,38,29,49,51,64,45,45,38,16,16,31,31,33,33,33,33,43,43,45,67,75,59,71,75,75,57,18],"gold":84,"neow_bonus":"BOSS_RELIC","is_prod":false,"is_daily":false,"chose_seed":false,"campfire_upgraded":0,"win_rate":0,"timestamp":1647984724,"path_taken":["M","M","?","M","M","E","R","E","T","R","E","$","M","?","R","BOSS","M","M","$","M","M","?","?","E","T","E","?","$","E","M","R","BOSS","M","?","M","M","$","E","?","E","T","R","$","E","$","?","R","BOSS","BOSS","R","$","E","BOSS"],"build_version":"2022-03-07","purchased_purges":3,"victory":true,"max_hp_per_floor":[68,68,68,68,68,68,68,68,68,68,68,68,68,68,68,68,68,68,68,68,68,68,68,68,68,68,68,68,68,68,68,68,68,68,68,68,68,68,68,75,75,75,75,75,75,75,75,75,75,75,75,75,75,75,75,75],"relic_stats":{"Blood Vial":2,"counters":[30,139],"Shuriken":[25],"Bird Faced Urn":[138],"Bronze Scales":[407],"PreservedInsect":399,"Ginger":[11],"Whetstone":["CutThroughFate","Tantrum"],"Cursed Key":0,"obtain_stats":[{"PreservedInsect":25,"Ginger":11,"Whetstone":27,"Cursed Key":17,"Blood Vial":55,"Anchor":30,"DollysMirror":45,"Shuriken":46,"Bird Faced Urn":6,"Bronze Scales":8,"Strawberry":40,"Fusion Hammer":0,"PureWater":0,"Unceasing Top":42,"Runic Pyramid":34},{"PreservedInsect":15,"Ginger":7,"Whetstone":16,"Cursed Key":9,"Blood Vial":29,"Anchor":17,"DollysMirror":24,"Shuriken":25,"Bird Faced Urn":5,"Bronze Scales":6,"Strawberry":23,"Fusion Hammer":0,"PureWater":0,"Unceasing Top":24,"Runic Pyramid":19},{"PreservedInsect":63,"Ginger":25,"Whetstone":66,"Cursed Key":38,"Blood Vial":130,"Anchor":68,"DollysMirror":102,"Shuriken":107,"Bird Faced Urn":14,"Bronze Scales":20,"Strawberry":97,"Fusion Hammer":0,"PureWater":0,"Unceasing Top":102,"Runic Pyramid":77}],"Unceasing Top":[0]},"card_choices":[{"not_picked":["Study","FlyingSleeves"],"picked":"Tantrum","floor":1},{"not_picked":["FollowUp","Crescendo","FlurryOfBlows"],"picked":"SKIP","floor":2},{"not_picked":["FlurryOfBlows","Crescendo"],"picked":"EmptyFist","floor":4},{"not_picked":["Conclude","Vengeance"],"picked":"Halt","floor":5},{"not_picked":["Prostrate","Protect"],"picked":"ThirdEye","floor":6},{"not_picked":["Halt","Devotion","CrushJoints"],"picked":"SKIP","floor":8},{"not_picked":["EmptyBody","Crescendo","PathToVictory"],"picked":"SKIP","floor":11},{"not_picked":["FlyingSleeves","Nirvana"],"picked":"LikeWater","floor":13},{"not_picked":["Judgement","ConjureBlade"],"picked":"LessonLearned","floor":16},{"not_picked":["Perseverance","Crescendo","JustLucky"],"picked":"SKIP","floor":18},{"not_picked":["Consecrate","SashWhip"],"picked":"FearNoEvil","floor":19},{"not_picked":["FollowUp","FlyingSleeves"],"picked":"CrushJoints+1","floor":21},{"not_picked":["Halt","DeusExMachina","BowlingBash"],"picked":"SKIP","floor":22},{"not_picked":["Conclude","ClearTheMind","SashWhip"],"picked":"SKIP","floor":24},{"not_picked":["PathToVictory","JustLucky"],"picked":"CutThroughFate","floor":25},{"not_picked":["EmptyBody","BowlingBash"],"picked":"CarveReality","floor":27},{"not_picked":["FollowUp","Evaluate","FlurryOfBlows"],"picked":"SKIP","floor":30},{"not_picked":["FollowUp","LikeWater"],"picked":"Wish","floor":31},{"not_picked":["ForeignInfluence","EmptyBody"],"picked":"MentalFortress","floor":35},{"not_picked":["ReachHeaven+1","Consecrate","EmptyFist"],"picked":"SKIP","floor":37},{"not_picked":["EmptyFist","CutThroughFate"],"picked":"ThirdEye","floor":40},{"not_picked":["BowlingBash","DeceiveReality","Establishment"],"picked":"SKIP","floor":42},{"not_picked":["DeceiveReality","Judgement","PathToVictory"],"picked":"SKIP","floor":46},{"not_picked":["Adaptation","Evaluate"],"picked":"Halt+1","floor":48},{"not_picked":["EmptyBody","Devotion"],"picked":"WaveOfTheHand","floor":55}],"player_experience":6525404,"relics_obtained":[{"floor":6,"key":"Bird Faced Urn"},{"floor":8,"key":"Bronze Scales"},{"floor":11,"key":"Ginger"},{"floor":25,"key":"PreservedInsect"},{"floor":27,"key":"Whetstone"},{"floor":30,"key":"Anchor"},{"floor":40,"key":"Strawberry"},{"floor":42,"key":"Unceasing Top"},{"floor":46,"key":"Shuriken"},{"floor":55,"key":"Blood Vial"}],"event_choices":[{"damage_healed":0,"gold_gain":0,"player_choice":"Entered Light","damage_taken":20,"max_hp_gain":0,"max_hp_loss":0,"event_name":"Shining Light","floor":3,"gold_loss":0,"cards_upgraded":["Strike_P","Strike_P"]},{"damage_healed":0,"gold_gain":0,"player_choice":"Searched \u00270\u0027 times","damage_taken":0,"max_hp_gain":0,"max_hp_loss":0,"event_name":"Dead Adventurer","floor":14,"gold_loss":0},{"damage_healed":0,"gold_gain":0,"player_choice":"Forge","damage_taken":0,"max_hp_gain":0,"max_hp_loss":0,"event_name":"Accursed Blacksmith","floor":23,"gold_loss":0,"cards_upgraded":["Eruption"]},{"cards_removed":["Defend_P"],"damage_healed":0,"gold_gain":0,"player_choice":"Offered Basic","damage_taken":0,"max_hp_gain":0,"max_hp_loss":0,"event_name":"Bonfire Elementals","floor":28,"gold_loss":0},{"damage_healed":0,"gold_gain":0,"player_choice":"Ignored","damage_taken":0,"max_hp_gain":0,"max_hp_loss":0,"event_name":"Mysterious Sphere","floor":41,"gold_loss":0}],"is_beta":false,"boss_relics":[{"not_picked":["Runic Dome","Velvet Choker"],"picked":"Cursed Key"},{"not_picked":["Busted Crown","Black Star"],"picked":"Runic Pyramid"}],"items_purged_floors":[12,20,29],"is_endless":false,"potions_floor_spawned":[1,4,5,16,18,21,22,31,33,35,48],"ascension_level":20}