{"gold_per_floor":[116,134,284,47,67,98,110,149,185,122,169,213,244,270,282,367,379,402,428,455,467,57,82,82,112,163,188,201,201,213,223,223,297,297,314,330,122,122,122,150,150,181,230,255,280,313,328,343,343,343,343,343,343,39,73,73],"floor_reached":57,"playtime":6404,"items_purged":["Doubt","Defend_P","Strike_P"],"score":3379,"play_id":"0f506977-581c-4e8e-9540-517d26506b0e","local_time":"20220420161127","is_ascension_mode":true,"campfire_choices":[{"data":"Eruption","floor":7,"key":"SMITH"},{"data":"TalkToTheHand","floor":15,"key":"SMITH"},{"data":"ThirdEye","floor":24,"key":"SMITH"},{"data":"Adaptation","floor":29,"key":"SMITH"},{"data":"Devotion","floor":32,"key":"SMITH"},{"floor":41,"key":"RECALL"},{"data":"Tantrum","floor":49,"key":"SMITH"},{"data":"Vault","floor":53,"key":"SMITH"}],"neow_cost":"NONE","seed_source_timestamp":1305395590583300,"circlet_count":0,"master_deck":["AscendersBane","Strike_P","Strike_P","Strike_P","Defend_P","Defend_P","Eruption+1","Vigilance","Swift Strike","EmptyFist","Vengeance","DeceiveReality","FearNoEvil","FlurryOfBlows","Tantrum+1","TalkToTheHand+1","Scrawl+1","Crescendo+1","FearNoEvil","ThirdEye+1","Devotion+1","Adaptation+1","Fasting2+1","Consecrate+1","Vault+1","Halt","WheelKick","Adaptation","Discovery","Vault+1","InnerPeace+1","ThirdEye+1","WaveOfTheHand+1"],"relics":["PureWater","Toolbox","MawBank","Art of War","White Beast Statue","Black Star","WingedGreaves","Damaru","Dream Catcher","Omamori","Happy Flower","Centennial Puzzle","Prayer Wheel","Akabeko","Busted Crown","Lantern","Nunchaku","Toxic Egg 2","HornCleat","Toy Ornithopter","Anchor","Pen Nib","StoneCalendar","Question Card","Bottled Tornado","Strange Spoon","Vajra","Pocketwatch"],"potions_floor_usage":[8,16,18,20,25,25,25,33,42,44,45,47,56,56],"damage_taken":[{"damage":0,"enemies":"Small Slimes","floor":1,"turns":2},{"damage":2,"enemies":"2 Louse","floor":2,"turns":3},{"damage":0,"enemies":"Jaw Worm","floor":5,"turns":2},{"damage":2,"enemies":"3 Sentries","floor":6,"turns":5},{"damage":28,"enemies":"Gremlin Nob","floor":8,"turns":3},{"damage":21,"enemies":"3 Sentries","floor":11,"turns":7},{"damage":0,"enemies":"Exordium Thugs","floor":12,"turns":4},{"damage":0,"enemies":"Gremlin Gang","floor":13,"turns":3},{"damage":3,"enemies":"Blue Slaver","floor":14,"turns":3},{"damage":0,"enemies":"Slime Boss","floor":16,"turns":3},{"damage":3,"enemies":"Shell Parasite","floor":18,"turns":3},{"damage":0,"enemies":"Chosen","floor":19,"turns":3},{"damage":1,"enemies":"3 Cultists","floor":20,"turns":3},{"damage":0,"enemies":"Book of Stabbing","floor":23,"turns":4},{"damage":16,"enemies":"Slavers","floor":25,"turns":2},{"damage":1,"enemies":"Book of Stabbing","floor":27,"turns":3},{"damage":0,"enemies":"Centurion and Healer","floor":28,"turns":3},{"damage":0,"enemies":"Cultist and Chosen","floor":30,"turns":4},{"damage":0,"enemies":"Snecko","floor":31,"turns":2},{"damage":8,"enemies":"Automaton","floor":33,"turns":6},{"damage":0,"enemies":"3 Shapes","floor":35,"turns":5},{"damage":0,"enemies":"Orb Walker","floor":36,"turns":1},{"damage":0,"enemies":"Nemesis","floor":40,"turns":4},{"damage":0,"enemies":"Giant Head","floor":42,"turns":3},{"damage":0,"enemies":"Nemesis","floor":44,"turns":4},{"damage":0,"enemies":"Mind Bloom Boss Battle","floor":45,"turns":4},{"damage":0,"enemies":"Giant Head","floor":46,"turns":4},{"damage":1,"enemies":"Writhing Mass","floor":47,"turns":5},{"damage":0,"enemies":"3 Darklings","floor":48,"turns":2},{"damage":22,"enemies":"Time Eater","floor":50,"turns":4},{"damage":4,"enemies":"Awakened One","floor":51,"turns":5},{"damage":0,"enemies":"Shield and Spear","floor":55,"turns":3},{"damage":17,"enemies":"The Heart","floor":56,"turns":8}],"seed_played":"-3066156927051198550","potions_obtained":[{"floor":6,"key":"SkillPotion"},{"floor":8,"key":"FearPotion"},{"floor":12,"key":"SneckoOil"},{"floor":14,"key":"LiquidMemories"},{"floor":16,"key":"Energy Potion"},{"floor":18,"key":"EntropicBrew"},{"floor":20,"key":"StancePotion"},{"floor":23,"key":"EntropicBrew"},{"floor":25,"key":"SkillPotion"},{"floor":28,"key":"StancePotion"},{"floor":30,"key":"Ancient Potion"},{"floor":33,"key":"DistilledChaos"},{"floor":42,"key":"AttackPotion"},{"floor":44,"key":"LiquidBronze"},{"floor":45,"key":"Block Potion"},{"floor":47,"key":"SpeedPotion"}],"is_trial":false,"path_per_floor":["M","M","?","$","M","E","R","E","T","?","E","M","M","M","R","B",null,"M","M","M","?","$","E","R","E","T","E","M","R","M","M","R","B",null,"M","M","$","?","?","E","R","E","T","E","?","E","M","M","R","B","B",null,"R","$","E","B",null],"character_chosen":"WATCHER","items_purchased":["Toolbox","WingedGreaves","Adaptation","Strange Spoon","WaveOfTheHand+1","PowerPotion"],"campfire_rested":0,"item_purchase_floors":[4,22,37,54,54,54],"current_hp_per_floor":[61,59,59,59,59,57,57,29,29,29,8,8,8,5,5,5,52,49,49,48,48,48,48,48,32,32,31,31,31,31,31,31,23,57,57,57,57,47,47,47,47,47,47,52,57,57,61,61,61,39,35,60,60,60,60,53],"gold":73,"neow_bonus":"RANDOM_COLORLESS","is_prod":false,"is_daily":false,"chose_seed":false,"campfire_upgraded":7,"win_rate":0,"timestamp":1650485487,"path_taken":["M","M","?","$","M","E","R","E","T","?","E","M","M","?","R","BOSS","M","M","M","?","$","E","R","E","T","E","M","R","?","?","R","BOSS","M","M","$","?","?","E","R","E","T","E","?","E","M","M","R","BOSS","BOSS","R","$","E","BOSS"],"build_version":"2022-03-07","purchased_purges":3,"victory":true,"max_hp_per_floor":[68,68,68,68,68,68,68,68,68,68,68,68,68,68,68,68,68,68,68,68,68,68,68,68,68,68,68,68,68,68,68,68,68,68,68,68,68,68,68,68,68,68,68,68,68,68,68,68,68,68,68,68,68,68,68,68],"relic_stats":{"Happy Flower":[23],"counters":[33,120],"StoneCalendar":[52],"Pen Nib":[14],"Omamori":0,"Bottled Tornado":"Adaptation","MawBank":192,"Question Card":5,"White Beast Statue":[0.0,0.0,0.0,0.4,0.0,0.6000000000000001,0.0,0.0,0.0,0.0,0.0,11.315995955200005],"Strange Spoon":[8],"Dream Catcher":0,"Centennial Puzzle":[18],"Nunchaku":[16],"Busted Crown":34,"Prayer Wheel":7,"WingedGreaves":2,"Art of War":[12],"Black Star":8,"PureWater":[31],"obtain_stats":[{"Lantern":40,"Vajra":55,"StoneCalendar":45,"Bottled Tornado":46,"Dream Catcher":23,"Centennial Puzzle":26,"Nunchaku":40,"HornCleat":42,"Toolbox":4,"Prayer Wheel":27,"WingedGreaves":22,"Toxic Egg 2":42,"Happy Flower":25,"Damaru":23,"Pen Nib":44,"Omamori":25,"MawBank":6,"Question Card":46,"White Beast Statue":11,"Akabeko":27,"Strange Spoon":54,"Anchor":44,"Busted Crown":34,"Art of War":8,"Black Star":17,"PureWater":0,"Toy Ornithopter":43,"Pocketwatch":55},{"Lantern":23,"Vajra":32,"StoneCalendar":26,"Bottled Tornado":27,"Dream Catcher":14,"Centennial Puzzle":15,"Nunchaku":23,"HornCleat":24,"Toolbox":2,"Prayer Wheel":16,"WingedGreaves":13,"Toxic Egg 2":24,"Happy Flower":15,"Damaru":14,"Pen Nib":25,"Omamori":15,"MawBank":4,"Question Card":27,"White Beast Statue":6,"Akabeko":16,"Strange Spoon":31,"Anchor":25,"Busted Crown":20,"Art of War":5,"Black Star":10,"PureWater":0,"Toy Ornithopter":24,"Pocketwatch":32},{"Lantern":78,"Vajra":112,"StoneCalendar":89,"Bottled Tornado":93,"Dream Catcher":48,"Centennial Puzzle":50,"Nunchaku":78,"HornCleat":81,"Toolbox":5,"Prayer Wheel":53,"WingedGreaves":44,"Toxic Egg 2":81,"Happy Flower":50,"Damaru":48,"Pen Nib":85,"Omamori":50,"MawBank":12,"Question Card":93,"White Beast Statue":22,"Akabeko":53,"Strange Spoon":109,"Anchor":85,"Busted Crown":68,"Art of War":15,"Black Star":35,"PureWater":0,"Toy Ornithopter":81,"Pocketwatch":112}],"Toy Ornithopter":25,"Pocketwatch":[0]},"card_choices":[{"not_picked":["Dramatic Entrance","Finesse"],"picked":"Swift Strike","floor":0},{"not_picked":["WindmillStrike","Study","Protect"],"picked":"SKIP","floor":1},{"not_picked":["WindmillStrike","Study","Protect"],"picked":"SKIP","floor":1},{"not_picked":["Conclude","Evaluate"],"picked":"EmptyFist","floor":2},{"not_picked":["Halt","Pray"],"picked":"Vengeance","floor":5},{"not_picked":["Prostrate","ClearTheMind"],"picked":"DeceiveReality","floor":6},{"not_picked":["WaveOfTheHand","FlyingSleeves"],"picked":"FearNoEvil","floor":8},{"not_picked":["SignatureMove","FlyingSleeves"],"picked":"FlurryOfBlows","floor":11},{"not_picked":["Weave","SashWhip"],"picked":"Tantrum","floor":12},{"not_picked":["EmptyFist","ConjureBlade","Consecrate"],"picked":"SKIP","floor":13},{"not_picked":["InnerPeace","Fasting2"],"picked":"TalkToTheHand","floor":14},{"not_picked":["Brilliance","Omniscience"],"picked":"Scrawl","floor":16},{"not_picked":["Indignation","Conclude"],"picked":"Crescendo+1","floor":18},{"not_picked":["EmptyBody","Fasting2"],"picked":"FearNoEvil","floor":19},{"not_picked":["WheelKick","Tantrum","Protect"],"picked":"SKIP","floor":20},{"not_picked":["DevaForm","Judgement"],"picked":"ThirdEye","floor":23},{"not_picked":["CrushJoints","Indignation"],"picked":"Devotion","floor":25},{"not_picked":["EmptyBody","EmptyFist"],"picked":"Adaptation","floor":27},{"not_picked":["CrushJoints","FearNoEvil","Crescendo"],"picked":"SKIP","floor":28},{"not_picked":["Crescendo","FlyingSleeves","CarveReality"],"picked":"SKIP","floor":28},{"not_picked":["Consecrate","JustLucky"],"picked":"Fasting2+1","floor":30},{"not_picked":["Wallop","FlyingSleeves","FearNoEvil"],"picked":"SKIP","floor":30},{"not_picked":["ReachHeaven","Conclude"],"picked":"Consecrate+1","floor":31},{"not_picked":["Protect","FollowUp","Crescendo"],"picked":"SKIP","floor":31},{"not_picked":["DevaForm","Devotion"],"picked":"Vault","floor":33},{"not_picked":[],"picked":"Halt","floor":35},{"not_picked":["EmptyBody"],"picked":"SKIP","floor":35},{"not_picked":[],"picked":"WheelKick","floor":36},{"not_picked":["SignatureMove"],"picked":"SKIP","floor":36},{"not_picked":[],"picked":"Discovery","floor":38},{"not_picked":["Conclude"],"picked":"SKIP","floor":42},{"not_picked":["ReachHeaven"],"picked":"SKIP","floor":44},{"not_picked":[],"picked":"Vault+1","floor":46},{"not_picked":["ClearTheMind+1"],"picked":"InnerPeace+1","floor":47},{"not_picked":["EmptyBody+1","FollowUp+1"],"picked":"SKIP","floor":47},{"not_picked":["FlurryOfBlows"],"picked":"ThirdEye+1","floor":48},{"not_picked":["ReachHeaven","Fasting2"],"picked":"SKIP","floor":48},{"not_picked":["BowlingBash+1","SandsOfTime+1"],"picked":"SKIP","floor":55}],"player_experience":6725981,"relics_obtained":[{"floor":6,"key":"MawBank"},{"floor":8,"key":"Art of War"},{"floor":11,"key":"White Beast Statue"},{"floor":23,"key":"Damaru"},{"floor":23,"key":"Dream Catcher"},{"floor":25,"key":"Omamori"},{"floor":25,"key":"Happy Flower"},{"floor":26,"key":"Centennial Puzzle"},{"floor":27,"key":"Prayer Wheel"},{"floor":27,"key":"Akabeko"},{"floor":40,"key":"Lantern"},{"floor":40,"key":"Nunchaku"},{"floor":42,"key":"Toxic Egg 2"},{"floor":42,"key":"HornCleat"},{"floor":43,"key":"Toy Ornithopter"},{"floor":44,"key":"Anchor"},{"floor":44,"key":"Pen Nib"},{"floor":45,"key":"StoneCalendar"},{"floor":46,"key":"Question Card"},{"floor":46,"key":"Bottled Tornado"},{"floor":55,"key":"Vajra"},{"floor":55,"key":"Pocketwatch"}],"event_choices":[{"damage_healed":0,"gold_gain":150,"player_choice":"AGREE","damage_taken":0,"max_hp_gain":0,"max_hp_loss":0,"event_name":"Liars Game","floor":3,"gold_loss":0,"cards_obtained":["Doubt"]},{"cards_removed":["Defend_P"],"damage_healed":0,"gold_gain":0,"player_choice":"Card Removal","damage_taken":0,"max_hp_gain":0,"max_hp_loss":0,"event_name":"The Cleric","floor":10,"gold_loss":75},{"damage_healed":0,"gold_gain":0,"player_choice":"Forge","damage_taken":0,"max_hp_gain":0,"max_hp_loss":0,"event_name":"Accursed Blacksmith","floor":21,"gold_loss":0,"cards_upgraded":["Scrawl"]},{"damage_healed":0,"gold_gain":0,"player_choice":"Memory 3","damage_taken":10,"max_hp_gain":0,"max_hp_loss":0,"event_name":"SensoryStone","floor":38,"gold_loss":0},{"damage_healed":0,"gold_gain":0,"player_choice":"Ignored","damage_taken":0,"max_hp_gain":0,"max_hp_loss":0,"event_name":"Tomb of Lord Red Mask","floor":39,"gold_loss":0},{"damage_healed":0,"gold_gain":0,"player_choice":"Fight","damage_taken":0,"max_hp_gain":0,"max_hp_loss":0,"event_name":"MindBloom","floor":45,"gold_loss":0}],"is_beta":false,"boss_relics":[{"not_picked":["Snecko Eye","HolyWater"],"picked":"Black Star"},{"not_picked":["Tiny House","SacredBark"],"picked":"Busted Crown"}],"items_purged_floors":[4,22,37],"is_endless":false,"potions_floor_spawned":[6,8,12,13,14,16,18,19,20,23,25,27,28,30,31,33,35,36,40,42,44,45,46,47,48,55],"ascension_level":20}