{"gold_per_floor":[116,126,145,158,7,7,82,98,98,98,127,145,70,100,100,177,177,197,209,43,43,56,56,56,86,113,213,213,24,39,70,70,147,147,161,36,50,68,85,85,116,116,116,142,162,191,191,270,270,270,270,270,270,25,59,59],"floor_reached":57,"playtime":6568,"items_purged":["Defend_P","Defend_P","ReachHeaven"],"score":2884,"play_id":"8f4f0679-10c8-444a-b62f-f163adb30fd0","local_time":"20220416174457","is_ascension_mode":true,"campfire_choices":[{"data":"Eruption","floor":6,"key":"SMITH"},{"data":"FollowUp","floor":10,"key":"SMITH"},{"data":"Wallop","floor":15,"key":"SMITH"},{"floor":23,"key":"REST"},{"floor":28,"key":"REST"},{"data":"Ragnarok","floor":32,"key":"SMITH"},{"floor":40,"key":"REST"},{"floor":42,"key":"REST"},{"floor":49,"key":"RECALL"},{"floor":53,"key":"REST"}],"neow_cost":"NONE","seed_source_timestamp":965240705173300,"circlet_count":0,"master_deck":["AscendersBane","Defend_P+1","Eruption+1","Vigilance+1","FollowUp+1","FlurryOfBlows+1","Crescendo+1","MentalFortress+1","FearNoEvil+1","Wallop+1","WaveOfTheHand+1","LessonLearned+1","Ragnarok+1","Worship+1","FearNoEvil+1","Worship+1","ThirdEye+1","DeceiveReality+1","Fasting2+1","FollowUp+1","Establishment+1","Wireheading+1","Meditate+1","Adaptation+1","EmptyBody","CutThroughFate","Trip+1","Adaptation","Prostrate+1"],"relics":["SlaversCollar","Pear","Matryoshka","Bag of Marbles","Busted Crown","Toolbox","Juzu Bracelet","Dream Catcher","Du-Vu Doll","Bottled Tornado","Vajra","Astrolabe","Centennial Puzzle","Damaru","HornCleat","Potion Belt","Sundial","Nunchaku"],"potions_floor_usage":[8,11,16,25,27,33,33,38,39,51,55,56,56,56],"damage_taken":[{"damage":11,"enemies":"Small Slimes","floor":1,"turns":4},{"damage":0,"enemies":"2 Louse","floor":2,"turns":3},{"damage":0,"enemies":"Cultist","floor":3,"turns":2},{"damage":10,"enemies":"Red Slaver","floor":4,"turns":3},{"damage":0,"enemies":"Looter","floor":8,"turns":1},{"damage":0,"enemies":"Gremlin Nob","floor":11,"turns":1},{"damage":0,"enemies":"2 Fungi Beasts","floor":12,"turns":2},{"damage":1,"enemies":"Lagavulin","floor":14,"turns":7},{"damage":16,"enemies":"The Guardian","floor":16,"turns":12},{"damage":6,"enemies":"Spheric Guardian","floor":18,"turns":3},{"damage":22,"enemies":"Shell Parasite","floor":19,"turns":4},{"damage":8,"enemies":"Cultist and Chosen","floor":22,"turns":5},{"damage":27,"enemies":"Book of Stabbing","floor":25,"turns":3},{"damage":15,"enemies":"Colosseum Slavers","floor":27,"turns":3},{"damage":0,"enemies":"Colosseum Nobs","floor":27,"turns":2},{"damage":0,"enemies":"Snecko","floor":30,"turns":4},{"damage":0,"enemies":"Gremlin Leader","floor":31,"turns":3},{"damage":20,"enemies":"Automaton","floor":33,"turns":7},{"damage":17,"enemies":"3 Darklings","floor":35,"turns":8},{"damage":0,"enemies":"3 Shapes","floor":37,"turns":4},{"damage":1,"enemies":"Transient","floor":38,"turns":6},{"damage":24,"enemies":"3 Darklings","floor":39,"turns":6},{"damage":2,"enemies":"Nemesis","floor":41,"turns":3},{"damage":0,"enemies":"Giant Head","floor":44,"turns":7},{"damage":0,"enemies":"Writhing Mass","floor":45,"turns":4},{"damage":19,"enemies":"Nemesis","floor":46,"turns":3},{"damage":12,"enemies":"4 Shapes","floor":48,"turns":6},{"damage":3,"enemies":"Time Eater","floor":50,"turns":4},{"damage":7,"enemies":"Awakened One","floor":51,"turns":7},{"damage":3,"enemies":"Shield and Spear","floor":55,"turns":2},{"damage":59,"enemies":"The Heart","floor":56,"turns":9}],"seed_played":"-7426903545220313993","potions_obtained":[{"floor":1,"key":"PowerPotion"},{"floor":4,"key":"Energy Potion"},{"floor":8,"key":"Fire Potion"},{"floor":12,"key":"AttackPotion"},{"floor":25,"key":"EssenceOfSteel"},{"floor":27,"key":"Block Potion"},{"floor":31,"key":"FearPotion"},{"floor":35,"key":"AttackPotion"},{"floor":38,"key":"SteroidPotion"},{"floor":44,"key":"EssenceOfSteel"},{"floor":48,"key":"Fire Potion"},{"floor":55,"key":"Block Potion"}],"is_trial":false,"path_per_floor":["M","M","M","M","$","R","?","M","T","R","E","M","?","E","R","B",null,"M","M","$","?","M","R","$","E","T","?","R","$","M","E","R","B",null,"M","$","M","M","M","R","E","R","T","E","M","E","?","M","R","B","B",null,"R","$","E","B",null],"character_chosen":"WATCHER","items_purchased":["MentalFortress","Toolbox","Worship","Adaptation","DuplicationPotion","GamblersBrew"],"campfire_rested":5,"item_purchase_floors":[5,20,29,54,54,54],"current_hp_per_floor":[50,50,50,40,40,40,29,29,39,39,39,39,39,38,38,22,64,58,36,36,36,28,51,51,24,24,9,32,32,32,32,32,12,62,45,45,45,44,20,43,41,64,64,64,64,45,35,23,23,20,13,62,78,78,75,16],"gold":59,"neow_bonus":"BOSS_RELIC","is_prod":false,"is_daily":false,"chose_seed":false,"campfire_upgraded":4,"win_rate":0,"timestamp":1650145497,"path_taken":["M","M","M","M","$","R","?","M","T","R","E","M","?","E","R","BOSS","M","M","$","?","?","R","?","E","T","?","R","$","M","E","R","BOSS","M","$","M","M","M","R","E","R","T","E","M","E","?","M","R","BOSS","BOSS","R","$","E","BOSS"],"build_version":"2022-03-07","purchased_purges":3,"victory":true,"max_hp_per_floor":[68,68,68,68,68,68,68,68,78,78,78,78,78,78,78,78,78,78,78,78,78,78,78,78,78,78,78,78,78,78,78,78,78,78,78,78,78,78,78,78,78,78,78,78,78,78,78,78,78,78,78,78,78,78,78,78],"relic_stats":{"Dream Catcher":4,"Centennial Puzzle":[18],"Nunchaku":[2],"Matryoshka":2,"Busted Crown":50,"counters":[31,138],"Sundial":[2],"Astrolabe":["Fasting2","FollowUp","Establishment"],"Juzu Bracelet":0,"Bottled Tornado":"MentalFortress","obtain_stats":[{"Potion Belt":44,"Pear":9,"Astrolabe":34,"Vajra":31,"Damaru":43,"Juzu Bracelet":25,"Bottled Tornado":27,"Du-Vu Doll":27,"SlaversCollar":0,"Dream Catcher":26,"Centennial Puzzle":41,"Nunchaku":55,"Matryoshka":11,"Busted Crown":17,"HornCleat":43,"Sundial":46,"Toolbox":20,"Bag of Marbles":14,"PureWater":0},{"Potion Belt":24,"Pear":5,"Astrolabe":18,"Vajra":17,"Damaru":23,"Juzu Bracelet":13,"Bottled Tornado":15,"Du-Vu Doll":15,"SlaversCollar":0,"Dream Catcher":13,"Centennial Puzzle":23,"Nunchaku":30,"Matryoshka":6,"Busted Crown":9,"HornCleat":23,"Sundial":26,"Toolbox":11,"Bag of Marbles":8,"PureWater":0},{"Potion Belt":103,"Pear":13,"Astrolabe":69,"Vajra":62,"Damaru":96,"Juzu Bracelet":50,"Bottled Tornado":55,"Du-Vu Doll":55,"SlaversCollar":0,"Dream Catcher":50,"Centennial Puzzle":96,"Nunchaku":129,"Matryoshka":14,"Busted Crown":35,"HornCleat":96,"Sundial":110,"Toolbox":42,"Bag of Marbles":23,"PureWater":0}]},"card_choices":[{"not_picked":["Nirvana","FlyingSleeves"],"picked":"FollowUp","floor":1},{"not_picked":["WaveOfTheHand","JustLucky"],"picked":"FlurryOfBlows","floor":2},{"not_picked":["WindmillStrike","FollowUp"],"picked":"Crescendo","floor":3},{"not_picked":["WreathOfFlame","Evaluate","ClearTheMind"],"picked":"SKIP","floor":4},{"not_picked":["Worship","Evaluate"],"picked":"FearNoEvil","floor":8},{"not_picked":["Wireheading","Alpha"],"picked":"Wallop","floor":11},{"not_picked":["SandsOfTime","FollowUp"],"picked":"WaveOfTheHand","floor":12},{"not_picked":["Halt","DeceiveReality"],"picked":"LessonLearned","floor":14},{"not_picked":["Blasphemy","SpiritShield"],"picked":"Ragnarok","floor":16},{"not_picked":[],"picked":"Worship+1","floor":18},{"not_picked":["WaveOfTheHand"],"picked":"SKIP","floor":19},{"not_picked":[],"picked":"FearNoEvil","floor":22},{"not_picked":["FlyingSleeves"],"picked":"SKIP","floor":25},{"not_picked":[],"picked":"ThirdEye","floor":30},{"not_picked":[],"picked":"DeceiveReality","floor":31},{"not_picked":[],"picked":"Wireheading+1","floor":35},{"not_picked":[],"picked":"Meditate","floor":37},{"not_picked":["Halt"],"picked":"SKIP","floor":38},{"not_picked":["ReachHeaven+1"],"picked":"SKIP","floor":39},{"not_picked":[],"picked":"Adaptation+1","floor":40},{"not_picked":["WreathOfFlame"],"picked":"SKIP","floor":41},{"not_picked":[],"picked":"EmptyBody","floor":42},{"not_picked":[],"picked":"CutThroughFate","floor":44},{"not_picked":["Swivel"],"picked":"SKIP","floor":46},{"not_picked":[],"picked":"Trip","floor":47},{"not_picked":[],"picked":"Prostrate+1","floor":55}],"player_experience":6695912,"relics_obtained":[{"floor":9,"key":"Pear"},{"floor":11,"key":"Matryoshka"},{"floor":14,"key":"Bag of Marbles"},{"floor":25,"key":"Juzu Bracelet"},{"floor":26,"key":"Dream Catcher"},{"floor":27,"key":"Du-Vu Doll"},{"floor":27,"key":"Bottled Tornado"},{"floor":31,"key":"Vajra"},{"floor":41,"key":"Centennial Puzzle"},{"floor":43,"key":"Damaru"},{"floor":43,"key":"HornCleat"},{"floor":44,"key":"Potion Belt"},{"floor":46,"key":"Sundial"},{"floor":55,"key":"Nunchaku"}],"event_choices":[{"damage_healed":0,"gold_gain":75,"player_choice":"Gather Gold","damage_taken":11,"max_hp_gain":0,"max_hp_loss":0,"event_name":"World of Goop","floor":7,"gold_loss":0},{"cards_removed":["Strike_P"],"damage_healed":0,"gold_gain":0,"player_choice":"Card Removal","damage_taken":0,"max_hp_gain":0,"max_hp_loss":0,"event_name":"The Cleric","floor":13,"gold_loss":75},{"damage_healed":0,"gold_gain":0,"cards_transformed":["Strike_P"],"player_choice":"Transformed","damage_taken":0,"max_hp_gain":0,"max_hp_loss":0,"event_name":"Transmorgrifier","floor":21,"gold_loss":0,"cards_obtained":["ReachHeaven"]},{"damage_healed":0,"gold_gain":0,"player_choice":"Fight","damage_taken":0,"max_hp_gain":0,"max_hp_loss":0,"event_name":"Colosseum","floor":27,"gold_loss":0},{"damage_healed":0,"gold_gain":0,"player_choice":"Fought Nobs","damage_taken":0,"max_hp_gain":0,"max_hp_loss":0,"event_name":"Colosseum","floor":27,"gold_loss":0},{"damage_healed":0,"gold_gain":0,"player_choice":"Memory 3","damage_taken":10,"max_hp_gain":0,"max_hp_loss":0,"event_name":"SensoryStone","floor":47,"gold_loss":0}],"is_beta":false,"boss_relics":[{"not_picked":["Tiny House","Velvet Choker"],"picked":"Busted Crown"},{"not_picked":["Fusion Hammer","Pandora\u0027s Box"],"picked":"Astrolabe"}],"items_purged_floors":[5,29,36],"is_endless":false,"potions_floor_spawned":[1,4,8,12,14,25,27,27,31,35,38,44,48,55],"ascension_level":20}