{"gold_per_floor":[361,379,379,379,50,50,91,91,115,158,30,55,55,98,98,202,229,263,295,220,229,14,14,39,91,91,107,126,126,170,190,190,286,286,310,335,335,349,362,362,414,414,414,450,122,122,156,156,156,156,156,156,156,91,134,134],"floor_reached":56,"playtime":5215,"items_purged":["Defend_P","Writhe","Strike_P+1"],"score":2557,"play_id":"100cc341-5f37-4ca0-ac15-6fb857b5112a","local_time":"20220423144718","is_ascension_mode":true,"campfire_choices":[{"data":"Eruption","floor":6,"key":"SMITH"},{"data":"Wallop","floor":8,"key":"SMITH"},{"data":"ThirdEye","floor":13,"key":"SMITH"},{"data":"WheelKick","floor":15,"key":"SMITH"},{"data":"FollowUp","floor":23,"key":"SMITH"},{"floor":29,"key":"RECALL"},{"floor":32,"key":"REST"},{"floor":40,"key":"REST"},{"floor":42,"key":"REST"},{"data":"Wallop","floor":49,"key":"SMITH"},{"floor":53,"key":"REST"}],"neow_cost":"TEN_PERCENT_HP_LOSS","seed_source_timestamp":1560741904496500,"circlet_count":0,"master_deck":["AscendersBane","Defend_P+1","Defend_P+1","Eruption+1","Vigilance+1","WheelKick+1","Conclude+1","Wallop+1","EmptyFist+1","ThirdEye+1","LessonLearned+1","Pray+1","SashWhip+1","Adaptation+1","FollowUp+1","Prostrate+1","Prostrate+1","Crescendo+1","CrushJoints+1","Evaluate+1","JustLucky+1","Wallop+1","Wireheading","Secret Technique+1","Wireheading"],"relics":["HolyWater","Golden Idol","Whetstone","The Courier","CeramicFish","Bag of Marbles","Bag of Preparation","Orichalcum","Astrolabe","Lantern","Lee\u0027s Waffle","Meat on the Bone","Omamori","Dead Branch","Pear","Pocketwatch","Art of War","HornCleat"],"potions_floor_usage":[7,18,51,55,56,56],"damage_taken":[{"damage":0,"enemies":"Cultist","floor":1,"turns":2},{"damage":1,"enemies":"Small Slimes","floor":2,"turns":5},{"damage":4,"enemies":"Gremlin Nob","floor":7,"turns":3},{"damage":0,"enemies":"Lagavulin","floor":10,"turns":4},{"damage":0,"enemies":"Jaw Worm","floor":12,"turns":1},{"damage":0,"enemies":"3 Sentries","floor":14,"turns":3},{"damage":0,"enemies":"Slime Boss","floor":16,"turns":6},{"damage":2,"enemies":"2 Thieves","floor":18,"turns":4},{"damage":6,"enemies":"3 Byrds","floor":19,"turns":5},{"damage":0,"enemies":"Snake Plant","floor":24,"turns":2},{"damage":0,"enemies":"Book of Stabbing","floor":25,"turns":4},{"damage":1,"enemies":"Centurion and Healer","floor":27,"turns":5},{"damage":0,"enemies":"Cultist and Chosen","floor":28,"turns":4},{"damage":0,"enemies":"Gremlin Leader","floor":30,"turns":5},{"damage":0,"enemies":"Shelled Parasite and Fungi","floor":31,"turns":3},{"damage":0,"enemies":"Champ","floor":33,"turns":5},{"damage":0,"enemies":"3 Shapes","floor":35,"turns":4},{"damage":0,"enemies":"3 Darklings","floor":36,"turns":4},{"damage":0,"enemies":"Writhing Mass","floor":38,"turns":1},{"damage":0,"enemies":"Maw","floor":39,"turns":5},{"damage":0,"enemies":"Giant Head","floor":41,"turns":3},{"damage":0,"enemies":"Nemesis","floor":44,"turns":3},{"damage":0,"enemies":"Giant Head","floor":47,"turns":2},{"damage":52,"enemies":"Donu and Deca","floor":50,"turns":9},{"damage":36,"enemies":"Time Eater","floor":51,"turns":12},{"damage":52,"enemies":"Shield and Spear","floor":55,"turns":6},{"damage":45,"enemies":"The Heart","floor":56,"turns":6}],"seed_played":"761652268941825183","potions_obtained":[{"floor":1,"key":"SmokeBomb"},{"floor":10,"key":"Explosive Potion"},{"floor":16,"key":"GamblersBrew"},{"floor":28,"key":"SpeedPotion"},{"floor":30,"key":"SteroidPotion"},{"floor":55,"key":"StancePotion"}],"is_trial":false,"path_per_floor":["M","M","?","?","$","R","E","R","T","E","$","M","R","E","R","B",null,"M","M","?","?","$","R","M","E","T","M","M","R","E","M","R","B",null,"M","M","?","M","M","R","E","R","T","E","$","?","E","?","R","B","B",null,"R","$","E","B"],"character_chosen":"WATCHER","items_purchased":["Wallop","Whetstone","SteroidPotion","Bag of Preparation","Lee\u0027s Waffle","Wallop","Wireheading","Secret Technique","Ancient Potion"],"campfire_rested":4,"item_purchase_floors":[5,5,5,11,22,45,45,45,54],"current_hp_per_floor":[61,60,39,44,44,44,40,40,40,40,40,40,40,40,40,40,60,58,52,52,52,74,74,74,74,74,73,73,73,73,73,74,74,74,74,74,74,74,74,74,84,84,84,84,84,84,84,84,84,44,20,68,84,84,44,0],"gold":134,"neow_bonus":"TWO_FIFTY_GOLD","is_prod":false,"is_daily":false,"chose_seed":false,"campfire_upgraded":6,"win_rate":0,"timestamp":1650739638,"path_taken":["M","M","?","?","$","R","E","R","T","E","?","M","R","E","R","BOSS","M","M","?","?","$","R","M","E","T","?","M","R","E","M","R","BOSS","M","M","?","M","M","R","E","R","T","E","$","?","E","?","R","BOSS","BOSS","R","$","E","BOSS"],"build_version":"2022-03-07","purchased_purges":3,"victory":false,"max_hp_per_floor":[62,62,62,67,67,67,67,67,67,67,67,67,67,67,67,67,67,67,67,67,67,74,74,74,74,74,74,74,74,74,74,74,74,74,74,74,74,74,74,74,84,84,84,84,84,84,84,84,84,84,84,84,84,84,84,84],"relic_stats":{"Lee\u0027s Waffle":22,"counters":[27,116],"Golden Idol":190,"CeramicFish":153,"Astrolabe":["Pray","SashWhip","Adaptation"],"Dead Branch":[94],"The Courier":191,"Bag of Preparation":[46],"Omamori":1,"Whetstone":["Strike_P","Conclude"],"Orichalcum":[90],"HolyWater":[28],"Art of War":[6],"obtain_stats":[{"Lantern":21,"Lee\u0027s Waffle":22,"Pear":41,"Golden Idol":3,"CeramicFish":9,"Astrolabe":17,"Dead Branch":30,"The Courier":7,"Bag of Preparation":11,"Omamori":26,"Whetstone":5,"Orichalcum":14,"HornCleat":55,"HolyWater":34,"Bag of Marbles":10,"Art of War":47,"PureWater":0,"Meat on the Bone":25,"Pocketwatch":44},{"Lantern":9,"Lee\u0027s Waffle":9,"Pear":21,"Golden Idol":2,"CeramicFish":3,"Astrolabe":7,"Dead Branch":14,"The Courier":3,"Bag of Preparation":4,"Omamori":11,"Whetstone":2,"Orichalcum":6,"HornCleat":26,"HolyWater":16,"Bag of Marbles":4,"Art of War":23,"PureWater":0,"Meat on the Bone":11,"Pocketwatch":22},{"Lantern":33,"Lee\u0027s Waffle":33,"Pear":78,"Golden Idol":7,"CeramicFish":10,"Astrolabe":24,"Dead Branch":53,"The Courier":10,"Bag of Preparation":14,"Omamori":39,"Whetstone":7,"Orichalcum":18,"HornCleat":110,"HolyWater":61,"Bag of Marbles":14,"Art of War":83,"PureWater":0,"Meat on the Bone":39,"Pocketwatch":81}],"Meat on the Bone":36,"Pocketwatch":[16]},"card_choices":[{"not_picked":["Swivel","MentalFortress"],"picked":"WheelKick","floor":1},{"not_picked":["EmptyBody","Halt"],"picked":"Conclude","floor":2},{"not_picked":["Crescendo","Establishment"],"picked":"EmptyFist","floor":7},{"not_picked":["BowlingBash","Conclude","Judgement"],"picked":"SKIP","floor":10},{"not_picked":["BowlingBash","Conclude","Judgement"],"picked":"SKIP","floor":10},{"not_picked":["EmptyBody","BowlingBash"],"picked":"ThirdEye","floor":12},{"not_picked":["EmptyBody","ThirdEye","SignatureMove"],"picked":"SKIP","floor":14},{"not_picked":["Devotion","Wish"],"picked":"LessonLearned","floor":16},{"not_picked":["Fasting2","JustLucky"],"picked":"FollowUp","floor":18},{"not_picked":["SashWhip","Wallop"],"picked":"Prostrate","floor":19},{"not_picked":["FlyingSleeves","Collect"],"picked":"Prostrate+1","floor":24},{"not_picked":["EmptyBody","BowlingBash"],"picked":"Crescendo+1","floor":25},{"not_picked":["Vengeance","Swivel+1","FlurryOfBlows"],"picked":"SKIP","floor":27},{"not_picked":["Halt","Establishment","Evaluate"],"picked":"SKIP","floor":28},{"not_picked":["SashWhip","Protect"],"picked":"CrushJoints","floor":30},{"not_picked":["FlyingSleeves","Wireheading","Tantrum"],"picked":"SKIP","floor":31},{"not_picked":["Protect","Perseverance"],"picked":"Evaluate","floor":35},{"not_picked":["FollowUp","CarveReality+1","InnerPeace"],"picked":"SKIP","floor":36},{"not_picked":["ReachHeaven","Establishment","PathToVictory"],"picked":"SKIP","floor":38},{"not_picked":["Evaluate","Study","WreathOfFlame"],"picked":"SKIP","floor":39},{"not_picked":["Collect","SashWhip+1"],"picked":"JustLucky+1","floor":41},{"not_picked":["Collect","CrushJoints","ThirdEye"],"picked":"SKIP","floor":44},{"not_picked":["CrushJoints+1","FlurryOfBlows"],"picked":"Wireheading","floor":55}],"player_experience":6756767,"relics_obtained":[{"floor":7,"key":"The Courier"},{"floor":9,"key":"CeramicFish"},{"floor":10,"key":"Bag of Marbles"},{"floor":14,"key":"Orichalcum"},{"floor":25,"key":"Meat on the Bone"},{"floor":26,"key":"Omamori"},{"floor":30,"key":"Dead Branch"},{"floor":41,"key":"Pear"},{"floor":44,"key":"Pocketwatch"},{"floor":47,"key":"Art of War"},{"floor":55,"key":"HornCleat"}],"event_choices":[{"damage_healed":0,"gold_gain":0,"player_choice":"Take Damage","damage_taken":21,"relics_obtained":["Golden Idol"],"max_hp_gain":0,"max_hp_loss":0,"event_name":"Golden Idol","floor":3,"gold_loss":0},{"damage_healed":0,"gold_gain":0,"player_choice":"Donut","damage_taken":0,"max_hp_gain":5,"max_hp_loss":0,"event_name":"Big Fish","floor":4,"gold_loss":0},{"cards_removed":["Defend_P"],"damage_healed":0,"gold_gain":0,"player_choice":"Gave Gold","damage_taken":0,"max_hp_gain":0,"max_hp_loss":0,"event_name":"Beggar","floor":20,"gold_loss":75},{"damage_healed":0,"gold_gain":0,"player_choice":"Opened","damage_taken":0,"relics_obtained":["Lantern"],"max_hp_gain":0,"max_hp_loss":0,"event_name":"The Mausoleum","floor":21,"gold_loss":0,"cards_obtained":["Writhe"]},{"damage_healed":15,"gold_gain":0,"player_choice":"Writhe","damage_taken":0,"max_hp_gain":0,"max_hp_loss":0,"event_name":"Winding Halls","floor":37,"gold_loss":0,"cards_obtained":["Writhe"]},{"damage_healed":0,"gold_gain":0,"player_choice":"Ignored","damage_taken":0,"max_hp_gain":0,"max_hp_loss":0,"event_name":"Tomb of Lord Red Mask","floor":46,"gold_loss":0},{"damage_healed":0,"gold_gain":0,"player_choice":"Got Potions","damage_taken":0,"max_hp_gain":0,"max_hp_loss":0,"event_name":"Lab","floor":48,"gold_loss":0}],"is_beta":false,"boss_relics":[{"not_picked":["Runic Dome","SlaversCollar"],"picked":"Astrolabe"},{"not_picked":["Pandora\u0027s Box","Snecko Eye"],"picked":"HolyWater"}],"items_purged_floors":[5,22,45],"is_endless":false,"potions_floor_spawned":[1,10,16,28,30,33,35,36,38,41,55],"killed_by":"The Heart","ascension_level":20}