{"gold_per_floor":[115,132,149,199,8,56,56,104,104,155,193,193,69,133,133,229,229,264,299,364,279,294,349,349,409,491,535,591,591,654,43,43,157,157,232,232,11,55,113,157,6,6,29,29,362,362,387,402,402,402,462,462,462,60,107,127],"floor_reached":57,"playtime":7665,"items_purged":["Defend_P","Strike_P","Strike_P","Strike_P"],"score":2987,"play_id":"532e4037-ea46-4f67-84ae-abe19c927b4f","local_time":"20220518143823","is_ascension_mode":true,"campfire_choices":[{"data":"Eruption","floor":7,"key":"SMITH"},{"data":"TalkToTheHand","floor":15,"key":"SMITH"},{"floor":24,"key":"REST"},{"data":"J.A.X.","floor":32,"key":"SMITH"},{"floor":44,"key":"RECALL"},{"data":"Devotion","floor":49,"key":"SMITH"},{"data":"MentalFortress","floor":53,"key":"SMITH"}],"neow_cost":"TEN_PERCENT_HP_LOSS","seed_source_timestamp":361269055939100,"shop_contents":[{"floor":5,"relics":["Dream Catcher","Letter Opener","Melange"],"cards":["BowlingBash","Ragnarok","EmptyBody","Perseverance","Study","Dramatic Entrance"],"potions":["Weak Potion","Block Potion","DistilledChaos"]},{"floor":13,"relics":["PreservedInsect","Juzu Bracelet","Strange Spoon"],"cards":["FollowUp","WindmillStrike","EmptyMind","ConjureBlade","Dramatic Entrance","The Bomb"],"potions":["GamblersBrew","FearPotion","SpeedPotion"]},{"floor":31,"relics":["Lantern","Bronze Scales"],"cards":["FollowUp+1","EmptyBody","Sadistic Nature"],"potions":["SteroidPotion","Weak Potion","BlessingOfTheForge"]},{"floor":37,"relics":["Art of War","Darkstone Periapt"],"cards":["SignatureMove+1","JustLucky+1","Collect","PathToVictory","Study","Purity","Thinking Ahead"],"potions":["Energy Potion","BottledMiracle","AttackPotion"]},{"floor":41,"relics":["Turnip","TungstenRod"],"cards":["Vengeance","EmptyBody","BattleHymn","Trip","Magnetism"],"potions":["Dexterity Potion","SmokeBomb","BottledMiracle"]},{"floor":54,"relics":[],"cards":["BowlingBash+1","Crescendo","Nirvana","Magnetism"],"potions":["LiquidBronze","Explosive Potion","FearPotion"]}],"circlet_count":0,"master_deck":["AscendersBane","Strike_P+1","Defend_P","Defend_P","Defend_P","Eruption+1","Vigilance","JustLucky","SashWhip","TalkToTheHand+1","HandOfGreed","FlyingSleeves","CutThroughFate+1","Tantrum","CutThroughFate","Nirvana","Wireheading","Weave","Protect+1","Evaluate+1","CutThroughFate","CrushJoints+1","EmptyFist+1","J.A.X.+1","Scrawl","Tantrum+1","MentalFortress+1","Flash of Steel+1","Ragnarok+1","Prostrate+1","Prostrate","TalkToTheHand+1","JustLucky+1","Discovery","Secret Weapon","Good Instincts","JustLucky+1","Devotion+1","Meditate","JustLucky+1","Blind"],"potion_use_per_floor":[[],[],[],[],[],["Strength Potion"],[],["DistilledChaos"],[],[],[],[],[],[],[],[],[],[],[],[],[],["DuplicationPotion"],["Explosive Potion"],[],[],[],[],[],[],[],[],[],[],[],[],[],[],[],[],[],[],[],[],[],[],[],[],[],[],[],[],[],[],[],[],["PowerPotion","StancePotion"],[]],"relics":["HolyWater","Bird Faced Urn","Centennial Puzzle","Yang","Smiling Mask","Anchor","Omamori","Regal Pillow","Pantograph","Molten Egg 2","Blood Vial","Strawberry","Sling","Philosopher\u0027s Stone","Membership Card","Ancient Tea Set","OrangePellets","Pear","Vajra","Whetstone","Cauldron","CloakClasp"],"potions_floor_usage":[6,8,22,23,56,56],"damage_taken":[{"damage":1,"enemies":"2 Louse","floor":1,"turns":4},{"damage":0,"enemies":"Cultist","floor":2,"turns":3},{"damage":3,"enemies":"Small Slimes","floor":3,"turns":3},{"damage":12,"enemies":"Gremlin Nob","floor":6,"turns":3},{"damage":7,"enemies":"Lagavulin","floor":8,"turns":5},{"damage":0,"enemies":"Gremlin Nob","floor":10,"turns":2},{"damage":0,"enemies":"Blue Slaver","floor":11,"turns":3},{"damage":6,"enemies":"Hexaghost","floor":16,"turns":8},{"damage":0,"enemies":"Shell Parasite","floor":18,"turns":6},{"damage":4,"enemies":"Spheric Guardian","floor":19,"turns":3},{"damage":4,"enemies":"Centurion and Healer","floor":20,"turns":4},{"damage":3,"enemies":"Snecko","floor":22,"turns":3},{"damage":26,"enemies":"Slavers","floor":23,"turns":4},{"damage":4,"enemies":"Gremlin Leader","floor":25,"turns":5},{"damage":0,"enemies":"Cultist and Chosen","floor":27,"turns":4},{"damage":10,"enemies":"Slavers","floor":28,"turns":5},{"damage":3,"enemies":"Book of Stabbing","floor":30,"turns":2},{"damage":7,"enemies":"Champ","floor":33,"turns":6},{"damage":4,"enemies":"3 Shapes","floor":35,"turns":11},{"damage":7,"enemies":"Orb Walker","floor":38,"turns":3},{"damage":6,"enemies":"4 Shapes","floor":39,"turns":4},{"damage":3,"enemies":"Nemesis","floor":40,"turns":1},{"damage":3,"enemies":"Reptomancer","floor":47,"turns":3},{"damage":3,"enemies":"Transient","floor":48,"turns":6},{"damage":22,"enemies":"Time Eater","floor":50,"turns":8},{"damage":22,"enemies":"Awakened One","floor":51,"turns":13},{"damage":15,"enemies":"Shield and Spear","floor":55,"turns":3},{"damage":49,"enemies":"The Heart","floor":56,"turns":7}],"seed_played":"5095788770026979851","neow_bonus_log":{"cardsObtained":[],"cardsUpgraded":[],"cardsRemoved":[],"cardsTransformed":[],"relicsObtained":["Bird Faced Urn"],"maxHpGained":0,"goldGained":0,"damageTaken":0,"goldLost":0,"maxHpLost":6},"potions_obtained":[{"floor":2,"key":"DistilledChaos"},{"floor":3,"key":"Strength Potion"},{"floor":10,"key":"Dexterity Potion"},{"floor":11,"key":"SpeedPotion"},{"floor":16,"key":"DuplicationPotion"},{"floor":22,"key":"Explosive Potion"},{"floor":23,"key":"BottledMiracle"},{"floor":28,"key":"StancePotion"},{"floor":30,"key":"PowerPotion"}],"is_trial":false,"path_per_floor":["M","M","M","?","$","E","R","E","T","E","M","?","$","?","R","B",null,"M","M","M","?","M","E","R","E","T","M","E","?","E","$","R","B",null,"M","?","$","M","M","E","$","?","T","R","?","?","E","M","R","B","B",null,"R","$","E","B",null],"character_chosen":"WATCHER","items_purchased":["HandOfGreed","Nirvana","Scrawl","Tantrum+1","MentalFortress","Flash of Steel+1","Sling","Membership Card","OrangePellets","TalkToTheHand+1","JustLucky+1","Meditate","Vajra","Whetstone","JustLucky+1","Cauldron","Blind"],"campfire_rested":1,"item_purchase_floors":[5,13,31,31,31,31,31,37,41,41,41,54,54,54,54,54,54],"current_hp_per_floor":[60,60,57,51,51,39,39,32,32,32,32,11,11,11,11,7,48,50,50,50,50,49,27,60,60,60,60,52,52,60,60,60,64,68,65,61,61,60,62,63,63,53,53,53,53,53,64,69,69,63,63,75,75,75,64,36],"gold":127,"neow_bonus":"ONE_RARE_RELIC","is_prod":false,"is_daily":false,"rewards_skipped":[{"floor":25,"relics":[],"potions":["LiquidBronze"]},{"floor":40,"relics":[],"potions":["Dexterity Potion"]},{"floor":48,"relics":[],"potions":["BottledMiracle"]},{"floor":54,"relics":[],"potions":["Energy Potion","BottledMiracle","Regen Potion","Regen Potion","SneckoOil"]}],"chose_seed":false,"campfire_upgraded":5,"win_rate":0,"floor_exit_playtime":[657,942,1178,1250,1340,1612,1619,1845,1868,2014,2098,2206,2310,2374,2436,2973,3289,3608,3761,3923,3936,4077,4212,4218,4368,4385,4512,4668,4734,4831,4908,4916,5166,5309,5521,5525,5577,5669,5776,5818,5894,5934,5948,5954,5975,5993,6102,6291,6308,6580,6973,6990,7014,7106,7326,7665],"timestamp":1652899103,"blue_key_relic_skipped_log":{"floor":43,"relicID":"Damaru"},"path_taken":["M","M","M","?","$","E","R","E","T","E","?","?","$","?","R","BOSS","M","M","M","?","M","E","R","E","T","M","E","?","E","?","R","BOSS","M","?","$","M","?","E","$","?","T","R","?","?","E","M","R","BOSS","BOSS","R","$","E","BOSS"],"build_version":"2022-03-07","purchased_purges":4,"victory":true,"max_hp_per_floor":[62,62,62,62,62,62,62,62,62,62,62,62,62,62,62,62,62,62,62,62,62,62,62,62,62,62,62,62,62,69,69,69,69,69,69,69,69,69,69,69,69,69,69,69,69,69,79,79,79,79,79,79,79,79,79,79],"relic_stats":{"Regal Pillow":15,"counters":[28,132],"Yang":[392],"Omamori":0,"CloakClasp":[20],"Whetstone":["CutThroughFate","Strike_P"],"Smiling Mask":175,"Ancient Tea Set":[6],"Blood Vial":23,"OrangePellets":[18],"Cauldron":0,"Centennial Puzzle":[59],"Bird Faced Urn":[68],"Pantograph":42,"HolyWater":[48],"Membership Card":575,"obtain_stats":[{"Regal Pillow":23,"Pear":47,"Golden Idol":12,"Vajra":54,"Yang":8,"Omamori":21,"CloakClasp":55,"Whetstone":54,"Smiling Mask":9,"Sling":31,"Ancient Tea Set":40,"Blood Vial":28,"OrangePellets":41,"Cauldron":54,"Centennial Puzzle":6,"Anchor":10,"Bird Faced Urn":0,"Pantograph":25,"Strawberry":30,"HolyWater":17,"Molten Egg 2":26,"Philosopher\u0027s Stone":34,"Membership Card":37,"PureWater":0},{"Regal Pillow":13,"Pear":23,"Golden Idol":7,"Vajra":26,"Yang":5,"Omamori":11,"CloakClasp":27,"Whetstone":26,"Smiling Mask":5,"Sling":17,"Ancient Tea Set":22,"Blood Vial":16,"OrangePellets":22,"Cauldron":26,"Centennial Puzzle":4,"Anchor":6,"Bird Faced Urn":0,"Pantograph":14,"Strawberry":17,"HolyWater":8,"Molten Egg 2":14,"Philosopher\u0027s Stone":18,"Membership Card":19,"PureWater":0},{"Regal Pillow":51,"Pear":95,"Golden Idol":23,"Vajra":122,"Yang":18,"Omamori":44,"CloakClasp":125,"Whetstone":122,"Smiling Mask":18,"Sling":67,"Ancient Tea Set":92,"Blood Vial":65,"OrangePellets":92,"Cauldron":122,"Centennial Puzzle":13,"Anchor":20,"Bird Faced Urn":0,"Pantograph":56,"Strawberry":67,"HolyWater":31,"Molten Egg 2":56,"Philosopher\u0027s Stone":73,"Membership Card":84,"PureWater":0}]},"card_choices":[{"not_picked":["Evaluate","Nirvana"],"picked":"JustLucky","floor":1},{"not_picked":["ThirdEye","WreathOfFlame"],"picked":"SashWhip","floor":2},{"not_picked":["Prostrate","Collect"],"picked":"TalkToTheHand","floor":3},{"not_picked":["Nirvana","ClearTheMind"],"picked":"FlyingSleeves","floor":6},{"not_picked":["WreathOfFlame","SignatureMove"],"picked":"CutThroughFate","floor":8},{"not_picked":["MentalFortress","Wireheading"],"picked":"Tantrum","floor":10},{"not_picked":["FlurryOfBlows","Study"],"picked":"CutThroughFate","floor":11},{"not_picked":["Evaluate","Perseverance+1"],"picked":"Wireheading","floor":18},{"not_picked":["CarveReality","ClearTheMind","FlyingSleeves"],"picked":"SKIP","floor":19},{"not_picked":["Consecrate","WheelKick"],"picked":"Weave","floor":20},{"not_picked":["LikeWater","Vengeance"],"picked":"Protect+1","floor":22},{"not_picked":["FlurryOfBlows","EmptyBody"],"picked":"Evaluate+1","floor":23},{"not_picked":["Sanctity","SpiritShield"],"picked":"CutThroughFate","floor":25},{"not_picked":["WheelKick+1","Halt"],"picked":"CrushJoints+1","floor":27},{"not_picked":["LessonLearned+1","CarveReality+1"],"picked":"EmptyFist+1","floor":28},{"not_picked":["Perseverance","FollowUp+1","BowlingBash+1"],"picked":"SKIP","floor":30},{"not_picked":["DeusExMachina","LessonLearned+1"],"picked":"Ragnarok+1","floor":33},{"not_picked":["Vengeance","WreathOfFlame","FlurryOfBlows+1"],"picked":"SKIP","floor":35},{"not_picked":["JustLucky+1","ReachHeaven+1"],"picked":"Prostrate+1","floor":38},{"not_picked":["Evaluate","CutThroughFate+1"],"picked":"Prostrate","floor":39},{"not_picked":["CrushJoints+1","ConjureBlade","Evaluate"],"picked":"SKIP","floor":40},{"not_picked":["Deep Breath","Thinking Ahead"],"picked":"Discovery","floor":42},{"not_picked":["Purity","Jack Of All Trades"],"picked":"Secret Weapon","floor":42},{"not_picked":["Discovery","Madness"],"picked":"Good Instincts","floor":42},{"not_picked":["PathToVictory","Tantrum+1"],"picked":"JustLucky+1","floor":47},{"not_picked":["Halt","FlyingSleeves+1"],"picked":"Devotion","floor":48},{"not_picked":["WheelKick+1","ThirdEye","Protect"],"picked":"SKIP","floor":55},{"not_picked":["WheelKick+1","ThirdEye","Protect"],"picked":"SKIP","floor":55},{"not_picked":["WheelKick+1","ThirdEye","Protect"],"picked":"SKIP","floor":55}],"player_experience":6969475,"relics_obtained":[{"floor":6,"key":"Centennial Puzzle"},{"floor":8,"key":"Yang"},{"floor":9,"key":"Smiling Mask"},{"floor":10,"key":"Anchor"},{"floor":23,"key":"Regal Pillow"},{"floor":25,"key":"Pantograph"},{"floor":26,"key":"Molten Egg 2"},{"floor":28,"key":"Blood Vial"},{"floor":30,"key":"Strawberry"},{"floor":40,"key":"Ancient Tea Set"},{"floor":47,"key":"Pear"},{"floor":55,"key":"CloakClasp"}],"event_choices":[{"damage_healed":0,"gold_gain":50,"player_choice":"Touch","damage_taken":6,"max_hp_gain":0,"max_hp_loss":0,"event_name":"FaceTrader","floor":4,"gold_loss":0},{"damage_healed":0,"gold_gain":0,"player_choice":"Take Damage","damage_taken":21,"relics_obtained":["Golden Idol"],"max_hp_gain":0,"max_hp_loss":0,"event_name":"Golden Idol","floor":12,"gold_loss":0},{"damage_healed":0,"gold_gain":64,"player_choice":"Gained Gold","damage_taken":0,"max_hp_gain":0,"max_hp_loss":0,"event_name":"Golden Wing","floor":14,"gold_loss":0},{"damage_healed":0,"gold_gain":0,"player_choice":"Obtained Relic","damage_taken":0,"relics_obtained":["Omamori"],"max_hp_gain":0,"max_hp_loss":0,"event_name":"Addict","floor":21,"gold_loss":85},{"damage_healed":0,"gold_gain":0,"player_choice":"Obtain J.A.X.","damage_taken":0,"max_hp_gain":0,"max_hp_loss":0,"event_name":"Drug Dealer","floor":29,"gold_loss":0,"cards_obtained":["J.A.X."]},{"damage_healed":0,"gold_gain":0,"player_choice":"Bought 0 Potions","damage_taken":0,"max_hp_gain":0,"max_hp_loss":0,"event_name":"The Woman in Blue","floor":36,"gold_loss":0},{"damage_healed":0,"gold_gain":0,"player_choice":"Memory 3","damage_taken":10,"max_hp_gain":0,"max_hp_loss":0,"event_name":"SensoryStone","floor":42,"gold_loss":0},{"damage_healed":0,"gold_gain":333,"player_choice":"Gave Idol","damage_taken":0,"max_hp_gain":0,"max_hp_loss":0,"event_name":"The Moai Head","floor":45,"relics_lost":["Golden Idol"],"gold_loss":0},{"damage_healed":0,"gold_gain":0,"player_choice":"Ignored","damage_taken":0,"max_hp_gain":0,"max_hp_loss":0,"event_name":"Tomb of Lord Red Mask","floor":46,"gold_loss":0}],"is_beta":false,"boss_relics":[{"not_picked":["VioletLotus","Busted Crown"],"picked":"HolyWater"},{"not_picked":["Tiny House","Runic Pyramid"],"picked":"Philosopher\u0027s Stone"}],"items_purged_floors":[13,31,37,54],"is_endless":false,"potions_floor_spawned":[2,3,10,11,16,22,23,25,28,30,40,48],"ascension_level":20,"potion_discard_per_floor":[[],[],[],[],[],[],[],[],[],[],[],[],[],[],[],["Dexterity Potion"],[],[],[],[],[],[],[],[],[],[],[],["SpeedPotion"],[],["BottledMiracle"],[],[],[],[],[],[],[],[],[],[],[],[],[],[],[],[],[],[],[],[],[],[],[],[],[],[],[]]}