{"gold_per_floor":[118,118,118,130,130,130,149,174,174,174,190,190,221,221,221,314,314,337,12,28,51,66,66,99,99,122,157,157,197,259,289,301,404,416,446,483,520,532,197,230,230,230,230,253,296,310,358,358,358,358,358,358,358,12,56,56],"floor_reached":57,"playtime":3680,"items_purged":["Strike_P"],"score":2966,"play_id":"074d5bbd-6274-44e1-ae1f-803728aae8db","local_time":"20220510175418","falling_options_log":["FearNoEvil+1","ThirdEye+1"],"is_ascension_mode":true,"campfire_choices":[{"data":"Eruption","floor":6,"key":"SMITH"},{"data":"EmptyFist","floor":10,"key":"SMITH"},{"floor":12,"key":"REST"},{"data":"Vigilance","floor":15,"key":"SMITH"},{"data":"Ragnarok","floor":23,"key":"SMITH"},{"floor":25,"key":"REST"},{"data":"TalkToTheHand","floor":32,"key":"SMITH"},{"floor":42,"key":"RECALL"},{"floor":49,"key":"REST"},{"data":"Adaptation","floor":53,"key":"SMITH"}],"neow_cost":"NONE","seed_source_timestamp":3042236449191200,"shop_contents":[{"floor":19,"relics":["Centennial Puzzle","DollysMirror"],"cards":["FlurryOfBlows","EmptyMind","DeceiveReality","DevaForm","Madness","Mayhem"],"potions":["Dexterity Potion","Fire Potion","StancePotion"]},{"floor":39,"relics":["Singing Bowl","Cauldron"],"cards":["Consecrate","CarveReality","Evaluate+1","PathToVictory+1","Fasting2","Flash of Steel","Chrysalis+1"],"potions":["Strength Potion","Block Potion","GamblersBrew"]},{"floor":54,"relics":["Pocketwatch","Orichalcum"],"cards":["FlurryOfBlows","JustLucky","Indignation+1","ClearTheMind+1","Adaptation","Metamorphosis+1"],"potions":["SteroidPotion","Energy Potion"]}],"circlet_count":0,"master_deck":["AscendersBane","Eruption+1","Vigilance+1","CarveReality","EmptyFist+1","CutThroughFate","Ragnarok+1","ClearTheMind+1","CrushJoints+1","BowlingBash+1","TalkToTheHand+1","FearNoEvil+1","Vengeance+1","WaveOfTheHand+1","EmptyBody+1","Tantrum","ClearTheMind+1","Adaptation","Vault+1","Crescendo+1","ThirdEye+1","Adaptation+1","Collect+1","Discovery+1","DeceiveReality+1"],"potion_use_per_floor":[[],[],[],[],[],[],[],[],[],[],[],[],["Swift Potion"],[],[],["PowerPotion","Explosive Potion"],[],[],[],[],["ColorlessPotion"],["Regen Potion"],[],["SneckoOil","GamblersBrew"],[],[],["Block Potion"],[],[],[],[],[],["LiquidMemories"],[],[],["Regen Potion"],[],[],[],["DuplicationPotion"],[],[],[],["Fruit Juice"],[],[],[],[],[],[],[],[],[],[],["StancePotion"],["LiquidBronze"],[]],"relics":["VioletLotus","Art of War","Bronze Scales","White Beast Statue","Happy Flower","Golden Idol","Astrolabe","Anchor","Boot","Toxic Egg 2","MawBank","Empty Cage","Ornamental Fan","CloakClasp","Dream Catcher","Bottled Tornado","Dead Branch","CeramicFish","Lee\u0027s Waffle","Vajra"],"potions_floor_usage":[13,16,16,21,22,24,24,27,33,36,40,44,55,56],"damage_taken":[{"damage":2,"enemies":"Jaw Worm","floor":1,"turns":4},{"damage":9,"enemies":"Small Slimes","floor":4,"turns":4},{"damage":0,"enemies":"Cultist","floor":7,"turns":2},{"damage":27,"enemies":"3 Sentries","floor":8,"turns":7},{"damage":0,"enemies":"Large Slime","floor":11,"turns":2},{"damage":9,"enemies":"Lagavulin","floor":13,"turns":6},{"damage":9,"enemies":"The Guardian","floor":16,"turns":8},{"damage":0,"enemies":"Spheric Guardian","floor":18,"turns":2},{"damage":6,"enemies":"3 Byrds","floor":20,"turns":4},{"damage":0,"enemies":"Shelled Parasite and Fungi","floor":21,"turns":2},{"damage":13,"enemies":"Snake Plant","floor":22,"turns":2},{"damage":13,"enemies":"Gremlin Leader","floor":24,"turns":4},{"damage":8,"enemies":"Slavers","floor":27,"turns":3},{"damage":17,"enemies":"Gremlin Leader","floor":29,"turns":4},{"damage":0,"enemies":"Centurion and Healer","floor":31,"turns":3},{"damage":16,"enemies":"Automaton","floor":33,"turns":3},{"damage":0,"enemies":"3 Darklings","floor":35,"turns":4},{"damage":3,"enemies":"Orb Walker","floor":36,"turns":2},{"damage":4,"enemies":"Maw","floor":37,"turns":5},{"damage":0,"enemies":"Reptomancer","floor":40,"turns":4},{"damage":24,"enemies":"Jaw Worm Horde","floor":44,"turns":4},{"damage":9,"enemies":"Nemesis","floor":45,"turns":3},{"damage":0,"enemies":"Spire Growth","floor":46,"turns":3},{"damage":0,"enemies":"Giant Head","floor":47,"turns":4},{"damage":0,"enemies":"Awakened One","floor":50,"turns":8},{"damage":8,"enemies":"Time Eater","floor":51,"turns":6},{"damage":0,"enemies":"Shield and Spear","floor":55,"turns":4},{"damage":65,"enemies":"The Heart","floor":56,"turns":10}],"seed_played":"-6985954289414801400","neow_bonus_log":{"cardsObtained":[],"cardsUpgraded":[],"cardsRemoved":[],"cardsTransformed":[],"relicsObtained":["VioletLotus"],"maxHpGained":0,"goldGained":0,"damageTaken":0,"goldLost":0,"maxHpLost":0},"potions_obtained":[{"floor":1,"key":"Swift Potion"},{"floor":8,"key":"Explosive Potion"},{"floor":13,"key":"PowerPotion"},{"floor":16,"key":"CultistPotion"},{"floor":18,"key":"GamblersBrew"},{"floor":20,"key":"ColorlessPotion"},{"floor":21,"key":"Regen Potion"},{"floor":22,"key":"SneckoOil"},{"floor":24,"key":"Block Potion"},{"floor":27,"key":"LiquidMemories"},{"floor":29,"key":"Energy Potion"},{"floor":33,"key":"BottledMiracle"},{"floor":35,"key":"Regen Potion"},{"floor":36,"key":"Weak Potion"},{"floor":37,"key":"DuplicationPotion"},{"floor":40,"key":"Fruit Juice"},{"floor":44,"key":"SpeedPotion"},{"floor":45,"key":"AttackPotion"},{"floor":47,"key":"FairyPotion"},{"floor":55,"key":"LiquidBronze"}],"is_trial":false,"path_per_floor":["M","?","?","M","?","R","M","E","T","R","M","R","E","?","R","B",null,"M","$","M","M","M","R","E","R","T","E","?","E","?","M","R","B",null,"M","M","M","T","$","E","?","R","T","M","E","M","E","?","R","B","B",null,"R","$","E","B",null],"character_chosen":"WATCHER","items_purchased":["TalkToTheHand","Anchor","CloakClasp","Lee\u0027s Waffle","Discovery+1","StancePotion"],"campfire_rested":3,"item_purchase_floors":[19,19,39,54,54,54],"current_hp_per_floor":[59,52,52,43,43,43,43,16,16,16,16,36,27,27,27,18,51,51,51,45,45,41,41,28,46,46,38,38,21,21,21,21,5,48,48,54,50,50,50,50,50,50,50,31,22,22,22,22,41,41,33,56,56,71,71,6],"gold":56,"neow_bonus":"BOSS_RELIC","is_prod":false,"is_daily":false,"rewards_skipped":[{"floor":11,"relics":[],"potions":["EssenceOfSteel"]},{"floor":31,"relics":[],"potions":["ColorlessPotion"]},{"floor":46,"relics":[],"potions":["Ancient Potion"]}],"chose_seed":false,"campfire_upgraded":6,"win_rate":0,"floor_exit_playtime":[34,39,47,89,105,112,131,229,233,240,303,313,442,447,459,595,730,764,825,899,953,1017,1025,1154,1158,1170,1291,1321,1423,1427,1462,1475,1572,1705,1810,1859,1955,1961,2008,2118,2131,2147,2154,2248,2331,2414,2498,2521,2527,2764,2986,3044,3054,3094,3301,3680],"timestamp":1652219658,"blue_key_relic_skipped_log":{"floor":26,"relicID":"Ancient Tea Set"},"path_taken":["M","?","?","M","?","R","?","E","T","R","M","R","E","?","R","BOSS","M","$","M","M","M","R","E","R","T","E","?","E","?","M","R","BOSS","M","M","?","?","$","E","?","R","T","M","E","M","E","?","R","BOSS","BOSS","R","$","E","BOSS"],"build_version":"2022-03-07","purchased_purges":1,"victory":true,"max_hp_per_floor":[68,68,68,68,68,68,68,68,68,68,68,68,68,62,62,62,62,62,62,62,62,62,62,62,62,62,62,62,62,62,62,62,62,62,62,62,62,62,62,62,62,62,62,67,67,67,67,64,64,64,64,64,64,71,71,71],"relic_stats":{"Lee\u0027s Waffle":15,"Happy Flower":[30],"counters":[28,117],"Golden Idol":190,"Astrolabe":["ClearTheMind","CrushJoints","BowlingBash"],"Dead Branch":[64],"CeramicFish":27,"CloakClasp":[184],"Bottled Tornado":"Adaptation","Boot":[214],"MawBank":120,"White Beast Statue":[0.0,0.0,0.0,0.4,0.0,0.6000000000000001,0.0,0.0,0.0,0.0,0.0,9.306994944000003],"Dream Catcher":1,"Ornamental Fan":[152],"Bronze Scales":[324],"VioletLotus":[82],"Art of War":[11],"obtain_stats":[{"Lee\u0027s Waffle":54,"Happy Flower":13,"Golden Idol":14,"Astrolabe":17,"Dead Branch":45,"CeramicFish":47,"Vajra":55,"CloakClasp":39,"Bottled Tornado":43,"Boot":24,"MawBank":29,"Empty Cage":34,"White Beast Statue":9,"Anchor":19,"Dream Catcher":40,"Ornamental Fan":38,"Bronze Scales":8,"VioletLotus":0,"Art of War":5,"PureWater":0,"Toxic Egg 2":27},{"Lee\u0027s Waffle":26,"Happy Flower":6,"Golden Idol":6,"Astrolabe":7,"Dead Branch":22,"CeramicFish":24,"Vajra":27,"CloakClasp":19,"Bottled Tornado":20,"Boot":12,"MawBank":14,"Empty Cage":16,"White Beast Statue":4,"Anchor":8,"Dream Catcher":20,"Ornamental Fan":19,"Bronze Scales":4,"VioletLotus":0,"Art of War":2,"PureWater":0,"Toxic Egg 2":13},{"Lee\u0027s Waffle":103,"Happy Flower":25,"Golden Idol":25,"Astrolabe":33,"Dead Branch":82,"CeramicFish":89,"Vajra":107,"CloakClasp":71,"Bottled Tornado":75,"Boot":47,"MawBank":54,"Empty Cage":60,"White Beast Statue":17,"Anchor":35,"Dream Catcher":75,"Ornamental Fan":71,"Bronze Scales":17,"VioletLotus":0,"Art of War":8,"PureWater":0,"Toxic Egg 2":50}]},"card_choices":[{"not_picked":["FlurryOfBlows","ClearTheMind"],"picked":"CarveReality","floor":1},{"not_picked":["FlurryOfBlows","Nirvana"],"picked":"FollowUp","floor":4},{"not_picked":["ThirdEye","Crescendo"],"picked":"EmptyFist","floor":7},{"not_picked":["Fasting2","Wireheading"],"picked":"CutThroughFate","floor":8},{"not_picked":["FlyingSleeves","Evaluate","CrushJoints"],"picked":"SKIP","floor":11},{"not_picked":["Prostrate","FollowUp"],"picked":"Wireheading","floor":13},{"not_picked":["ConjureBlade","Brilliance"],"picked":"Ragnarok","floor":16},{"not_picked":["Pray+1","Crescendo","Sanctity"],"picked":"SKIP","floor":18},{"not_picked":["BowlingBash","FlyingSleeves","Sanctity"],"picked":"SKIP","floor":20},{"not_picked":["Halt","ClearTheMind"],"picked":"FearNoEvil+1","floor":21},{"not_picked":["DeceiveReality","FollowUp","CutThroughFate"],"picked":"SKIP","floor":22},{"not_picked":["SignatureMove+1","ReachHeaven+1"],"picked":"Vengeance+1","floor":24},{"not_picked":["CutThroughFate","CrushJoints"],"picked":"WaveOfTheHand+1","floor":27},{"not_picked":["Vengeance+1","WaveOfTheHand+1"],"picked":"ClearTheMind+1","floor":29},{"not_picked":["Consecrate","JustLucky"],"picked":"Adaptation","floor":31},{"not_picked":["Devotion","Brilliance"],"picked":"Vault+1","floor":33},{"not_picked":["SashWhip","FollowUp"],"picked":"Crescendo+1","floor":35},{"not_picked":["Worship+1","Study+1"],"picked":"ThirdEye+1","floor":36},{"not_picked":["EmptyBody+1","Nirvana+1","ThirdEye+1"],"picked":"SKIP","floor":37},{"not_picked":["EmptyBody+1","Nirvana+1","ThirdEye+1"],"picked":"SKIP","floor":37},{"not_picked":["WindmillStrike+1","Judgement+1"],"picked":"Adaptation","floor":40},{"not_picked":["ReachHeaven","ClearTheMind+1","ThirdEye+1"],"picked":"SKIP","floor":44},{"not_picked":["Ragnarok","PathToVictory+1","FlyingSleeves"],"picked":"SKIP","floor":45},{"not_picked":["Swivel+1","WreathOfFlame+1","CutThroughFate"],"picked":"SKIP","floor":46},{"not_picked":["WheelKick","SignatureMove"],"picked":"Collect+1","floor":47},{"not_picked":["Halt+1","Ragnarok"],"picked":"DeceiveReality+1","floor":55}],"player_experience":6890192,"relics_obtained":[{"floor":5,"key":"Art of War"},{"floor":8,"key":"Bronze Scales"},{"floor":9,"key":"White Beast Statue"},{"floor":13,"key":"Happy Flower"},{"floor":24,"key":"Boot"},{"floor":27,"key":"Toxic Egg 2"},{"floor":29,"key":"MawBank"},{"floor":38,"key":"Ornamental Fan"},{"floor":40,"key":"Dream Catcher"},{"floor":43,"key":"Bottled Tornado"},{"floor":45,"key":"Dead Branch"},{"floor":47,"key":"CeramicFish"},{"floor":55,"key":"Vajra"}],"event_choices":[{"cards_removed":["Defend_P"],"damage_healed":0,"gold_gain":0,"player_choice":"Card Removal","damage_taken":7,"max_hp_gain":0,"max_hp_loss":0,"event_name":"Golden Wing","floor":2,"gold_loss":0},{"damage_healed":0,"gold_gain":0,"player_choice":"Ignored","damage_taken":0,"max_hp_gain":0,"max_hp_loss":0,"event_name":"Liars Game","floor":3,"gold_loss":0},{"damage_healed":0,"gold_gain":0,"player_choice":"Relic","damage_taken":0,"max_hp_gain":0,"max_hp_loss":0,"event_name":"Wheel of Change","floor":5,"gold_loss":0},{"damage_healed":0,"gold_gain":0,"player_choice":"Lose Max HP","damage_taken":0,"relics_obtained":["Golden Idol"],"max_hp_gain":0,"max_hp_loss":6,"event_name":"Golden Idol","floor":14,"gold_loss":0},{"damage_healed":0,"gold_gain":0,"cards_transformed":["Strike_P","Defend_P"],"player_choice":"Became Test Subject","damage_taken":0,"max_hp_gain":0,"max_hp_loss":0,"event_name":"Drug Dealer","floor":28,"gold_loss":0,"cards_obtained":["EmptyBody","Tantrum"]},{"damage_healed":0,"gold_gain":50,"player_choice":"Pray","damage_taken":0,"max_hp_gain":0,"max_hp_loss":0,"event_name":"Golden Shrine","floor":30,"gold_loss":0},{"cards_removed":["Wireheading"],"damage_healed":0,"gold_gain":0,"player_choice":"Removed Power","damage_taken":0,"max_hp_gain":0,"max_hp_loss":0,"event_name":"Falling","floor":41,"gold_loss":0},{"damage_healed":0,"gold_gain":0,"player_choice":"Max HP","damage_taken":0,"max_hp_gain":0,"max_hp_loss":3,"event_name":"Winding Halls","floor":48,"gold_loss":0}],"is_beta":false,"boss_relics":[{"not_picked":["Busted Crown","Cursed Key"],"picked":"Astrolabe"},{"not_picked":["Pandora\u0027s Box","Runic Dome"],"picked":"Empty Cage"}],"items_purged_floors":[19],"is_endless":false,"potions_floor_spawned":[1,8,11,13,16,18,20,21,22,24,27,29,31,33,35,36,37,40,44,45,46,47,55],"ascension_level":20,"potion_discard_per_floor":[[],[],[],[],[],[],[],[],[],[],[],[],[],[],[],[],[],[],[],["CultistPotion"],[],[],[],[],[],[],[],[],[],[],[],[],[],[],["BottledMiracle"],[],["Weak Potion"],[],[],[],[],[],[],[],["SpeedPotion"],[],["Energy Potion"],[],[],[],[],[],[],["AttackPotion"],[],[],[]]}