{"neow_bonuses_skipped_log":["ONE_RANDOM_RARE_CARD","TWENTY_PERCENT_HP_BONUS","BOSS_RELIC"],"neow_costs_skipped_log":["NONE","CURSE","NONE"],"gold_per_floor":[119,119,44,44,44,44,69,107,107,140,167,222,268,313,325,430,442,467,479,491,523,556,568,623,635,647,18,34,58,58,71,71,162,162,183,183,516,528,547,578,578,605,605,231,231,266,266,283,283,283,283,283,283,33,68,68],"floor_reached":57,"playtime":6170,"items_purged":["Defend_P","Strike_P","Strike_P"],"score":2947,"play_id":"20eb78c1-046a-4c5d-b54b-03255f8a794d","local_time":"20220622161441","score_breakdown":["Floors Climbed (57): 285","Enemies Slain (13): 26","Exordium Elites Killed (4): 40","City Elites Killed (1): 20","Beyond Elites Killed (3): 90","Bosses Slain (5): 750","Money Money (1369): 25","Champion (5): 125","Ascension (20): 1336","Heartbreaker: 250"],"is_ascension_mode":true,"campfire_choices":[{"data":"Eruption","floor":6,"key":"SMITH"},{"data":"ConjureBlade","floor":15,"key":"SMITH"},{"data":"Consecrate","floor":23,"key":"SMITH"},{"data":"Adaptation","floor":25,"key":"SMITH"},{"data":"Devotion","floor":30,"key":"SMITH"},{"data":"LikeWater","floor":32,"key":"SMITH"},{"floor":41,"key":"RECALL"},{"data":"TalkToTheHand","floor":45,"key":"SMITH"},{"data":"ThirdEye","floor":49,"key":"SMITH"},{"floor":53,"key":"REST"}],"neow_cost":"NONE","seed_source_timestamp":3392452275677600,"shop_contents":[{"floor":3,"relics":["Damaru","Anchor","Lee\u0027s Waffle"],"cards":["Brilliance","Consecrate","Protect","WreathOfFlame","Fasting2","Jack Of All Trades","The Bomb"],"potions":["StancePotion","FearPotion","BlessingOfTheForge"]},{"floor":27,"relics":["Melange"],"cards":["CarveReality","WaveOfTheHand+1","Evaluate+1","Study","Bandage Up+1","HandOfGreed"],"potions":["SpeedPotion","BlessingOfTheForge","Block Potion"]},{"floor":44,"relics":["InkBottle","Boot","Sling"],"cards":["Consecrate","Adaptation","Mind Blast","Violence+1"],"potions":["Strength Potion","BlessingOfTheForge","StancePotion"]},{"floor":54,"relics":["Pear","Letter Opener","Membership Card"],"cards":["SandsOfTime+1","JustLucky+1","ClearTheMind+1","MentalFortress","Jack Of All Trades+1","Panache"],"potions":["Swift Potion","SneckoOil"]}],"circlet_count":0,"master_deck":["AscendersBane","Strike_P","Strike_P+1","Defend_P+1","Defend_P+1","Eruption+1","Vigilance","CutThroughFate","Adaptation+1","ConjureBlade+1","ThirdEye+1","CutThroughFate","LikeWater+1","Devotion+1","Wireheading+1","Consecrate+1","Halt+1","DeusExMachina+1","Tantrum","Sanctity+1","Sanctity+1","ClearTheMind+1","Vault+1","Consecrate+1","FearNoEvil","SashWhip+1","Halt+1","Prostrate+1","TalkToTheHand+1","Meditate+1","Scrawl+1","CrushJoints+1","TalkToTheHand+1","EmptyMind+1"],"potion_use_per_floor":[[],[],[],[],[],[],[],[],[],[],[],["Explosive Potion"],[],["StancePotion"],[],[],[],[],[],[],["Block Potion"],[],[],["PowerPotion","EssenceOfSteel"],[],[],[],[],["Ancient Potion"],[],[],[],["Explosive Potion","FairyPotion"],[],[],[],[],[],[],[],[],[],[],[],[],[],[],[],[],[],["Fire Potion"],[],[],[],[],["Ancient Potion","Regen Potion"],[]],"relics":["PureWater","NeowsBlessing","Bag of Marbles","Mummified Hand","MawBank","Strawberry","Odd Mushroom","Oddly Smooth Stone","SacredBark","War Paint","Toxic Egg 2","Kunai","Gremlin Horn","Runic Pyramid","Omamori","Ornamental Fan","Molten Egg 2","Pocketwatch"],"potions_floor_usage":[12,14,21,24,24,29,33,51,56,56],"damage_taken":[{"damage":0,"enemies":"Small Slimes","floor":1,"turns":1},{"damage":0,"enemies":"Jaw Worm","floor":7,"turns":1},{"damage":0,"enemies":"Gremlin Nob","floor":8,"turns":1},{"damage":12,"enemies":"Lagavulin","floor":10,"turns":4},{"damage":0,"enemies":"2 Louse","floor":11,"turns":1},{"damage":4,"enemies":"3 Sentries","floor":12,"turns":5},{"damage":16,"enemies":"The Mushroom Lair","floor":13,"turns":5},{"damage":0,"enemies":"Gremlin Nob","floor":14,"turns":2},{"damage":16,"enemies":"Hexaghost","floor":16,"turns":8},{"damage":0,"enemies":"Spheric Guardian","floor":18,"turns":3},{"damage":5,"enemies":"2 Thieves","floor":21,"turns":3},{"damage":0,"enemies":"Cultist and Chosen","floor":22,"turns":3},{"damage":23,"enemies":"Slavers","floor":24,"turns":5},{"damage":1,"enemies":"3 Cultists","floor":28,"turns":3},{"damage":0,"enemies":"Snecko","floor":29,"turns":3},{"damage":4,"enemies":"Cultist and Chosen","floor":31,"turns":5},{"damage":20,"enemies":"Automaton","floor":33,"turns":5},{"damage":3,"enemies":"3 Darklings","floor":35,"turns":5},{"damage":0,"enemies":"Orb Walker","floor":38,"turns":3},{"damage":5,"enemies":"3 Darklings","floor":39,"turns":3},{"damage":10,"enemies":"Nemesis","floor":40,"turns":5},{"damage":0,"enemies":"Reptomancer","floor":42,"turns":4},{"damage":0,"enemies":"Nemesis","floor":46,"turns":4},{"damage":0,"enemies":"4 Shapes","floor":48,"turns":3},{"damage":10,"enemies":"Donu and Deca","floor":50,"turns":7},{"damage":13,"enemies":"Awakened One","floor":51,"turns":12},{"damage":0,"enemies":"Shield and Spear","floor":55,"turns":3},{"damage":42,"enemies":"The Heart","floor":56,"turns":10}],"seed_played":"4289256860664001189","neow_bonus_log":{"cardsObtained":[],"cardsUpgraded":[],"cardsRemoved":[],"cardsTransformed":[],"relicsObtained":["NeowsBlessing"],"maxHpGained":0,"goldGained":0,"damageTaken":0,"goldLost":0,"maxHpLost":0},"potions_obtained":[{"floor":10,"key":"Explosive Potion"},{"floor":11,"key":"StancePotion"},{"floor":13,"key":"PowerPotion"},{"floor":16,"key":"SpeedPotion"},{"floor":18,"key":"Block Potion"},{"floor":22,"key":"EssenceOfSteel"},{"floor":24,"key":"Explosive Potion"},{"floor":28,"key":"Ancient Potion"},{"floor":29,"key":"FairyPotion"},{"floor":38,"key":"SmokeBomb"},{"floor":40,"key":"Ancient Potion"},{"floor":46,"key":"Fire Potion"}],"is_trial":false,"path_per_floor":["M","?","$","?","?","R","M","E","T","E","M","E","?","E","R","B",null,"M","?","?","M","M","R","E","R","T","$","M","M","R","M","R","B",null,"M","?","?","M","M","E","R","E","T","$","R","E","?","M","R","B","B",null,"R","$","E","B",null],"character_chosen":"WATCHER","items_purchased":["Tantrum","Kunai","Gremlin Horn","TalkToTheHand","Meditate+1","Scrawl+1","EmptyMind+1","Regen Potion"],"campfire_rested":1,"item_purchase_floors":[27,27,27,44,44,44,54,54],"current_hp_per_floor":[61,61,61,42,42,42,42,42,42,30,30,33,17,17,17,1,52,52,52,52,47,47,47,24,24,24,24,23,23,23,19,19,41,62,59,59,59,59,54,44,44,44,44,44,44,44,58,58,58,48,35,61,69,69,69,67],"gold":68,"neow_bonus":"THREE_ENEMY_KILL","is_prod":false,"is_daily":false,"rewards_skipped":[],"chose_seed":false,"campfire_upgraded":8,"win_rate":0,"floor_exit_playtime":[286,292,317,335,375,394,469,575,589,804,854,1081,1472,1562,1573,1813,2058,2208,2230,2248,2464,2594,2602,2940,2950,2957,3112,3218,3303,3309,3479,3493,3722,4061,4210,4217,4224,4300,4410,4572,4580,4680,4684,4755,4762,4859,4885,4971,4979,5202,5504,5533,5546,5644,5806,6170],"timestamp":1655928881,"blue_key_relic_skipped_log":{"floor":43,"relicID":"Ginger"},"path_taken":["M","?","$","?","?","R","M","E","T","E","M","E","?","E","R","BOSS","M","?","?","M","M","R","E","R","T","$","M","M","R","M","R","BOSS","M","?","?","M","?","E","R","E","T","$","R","E","?","M","R","BOSS","BOSS","R","$","E","BOSS"],"build_version":"2022-03-07","purchased_purges":3,"victory":true,"max_hp_per_floor":[68,62,62,62,62,62,62,62,62,62,62,69,69,69,69,69,69,69,69,69,69,69,69,69,69,69,69,69,69,69,69,69,69,69,69,69,69,69,69,69,69,69,69,69,69,69,69,69,69,69,69,69,69,69,69,69],"relic_stats":{"Gremlin Horn":[21,22],"counters":[28,117],"Mummified Hand":[74],"Ornamental Fan":[108],"Omamori":1,"Kunai":[49],"PureWater":[21],"War Paint":["DeusExMachina","Defend_P"],"MawBank":204,"obtain_stats":[{"NeowsBlessing":0,"Gremlin Horn":27,"Golden Idol":2,"SacredBark":17,"Oddly Smooth Stone":14,"Omamori":40,"Odd Mushroom":13,"War Paint":24,"MawBank":10,"Mummified Hand":9,"Ornamental Fan":42,"Strawberry":12,"Molten Egg 2":46,"Bag of Marbles":8,"Kunai":27,"PureWater":0,"Toxic Egg 2":26,"Runic Pyramid":34,"Pocketwatch":55},{"NeowsBlessing":0,"Gremlin Horn":13,"Golden Idol":1,"SacredBark":9,"Oddly Smooth Stone":8,"Omamori":21,"Odd Mushroom":7,"War Paint":13,"MawBank":4,"Mummified Hand":3,"Ornamental Fan":22,"Strawberry":6,"Molten Egg 2":23,"Bag of Marbles":3,"Kunai":13,"PureWater":0,"Toxic Egg 2":13,"Runic Pyramid":17,"Pocketwatch":27},{"NeowsBlessing":0,"Gremlin Horn":42,"Golden Idol":1,"SacredBark":28,"Oddly Smooth Stone":20,"Omamori":74,"Odd Mushroom":18,"War Paint":42,"MawBank":7,"Mummified Hand":3,"Ornamental Fan":78,"Strawberry":13,"Molten Egg 2":82,"Bag of Marbles":3,"Kunai":42,"PureWater":0,"Toxic Egg 2":42,"Runic Pyramid":58,"Pocketwatch":107}],"Pocketwatch":[0]},"card_choices":[{"not_picked":["FlyingSleeves","PathToVictory"],"picked":"CutThroughFate","floor":1},{"not_picked":["EmptyFist","FlyingSleeves"],"picked":"Adaptation","floor":7},{"not_picked":["SpiritShield","Nirvana"],"picked":"ConjureBlade","floor":8},{"not_picked":["ReachHeaven","LikeWater"],"picked":"ThirdEye","floor":10},{"not_picked":["Collect","FlyingSleeves"],"picked":"CutThroughFate","floor":11},{"not_picked":["PathToVictory","ClearTheMind"],"picked":"LikeWater","floor":12},{"not_picked":["Protect","Prostrate","CarveReality"],"picked":"SKIP","floor":13},{"not_picked":["ConjureBlade","Blasphemy"],"picked":"Devotion","floor":16},{"not_picked":["FlyingSleeves","Crescendo"],"picked":"Wireheading+1","floor":18},{"not_picked":["DeceiveReality","FlyingSleeves"],"picked":"Consecrate","floor":21},{"not_picked":["Wallop","PathToVictory"],"picked":"Halt+1","floor":22},{"not_picked":["ForeignInfluence","PathToVictory"],"picked":"DeusExMachina","floor":24},{"not_picked":["CutThroughFate","Nirvana"],"picked":"Sanctity+1","floor":28},{"not_picked":["Consecrate+1","Wireheading"],"picked":"Sanctity+1","floor":29},{"not_picked":["WheelKick","Adaptation"],"picked":"ClearTheMind+1","floor":31},{"not_picked":["DevaForm","LessonLearned"],"picked":"Vault+1","floor":33},{"not_picked":["FollowUp","EmptyFist"],"picked":"Consecrate+1","floor":35},{"not_picked":["Protect+1","Adaptation"],"picked":"FearNoEvil","floor":38},{"not_picked":["Crescendo+1","JustLucky"],"picked":"SashWhip+1","floor":39},{"not_picked":["FlyingSleeves","EmptyMind+1"],"picked":"Halt+1","floor":40},{"not_picked":["SashWhip+1","WheelKick+1"],"picked":"Prostrate+1","floor":42},{"not_picked":["Perseverance+1","Protect+1"],"picked":"CrushJoints+1","floor":46},{"not_picked":["FlurryOfBlows+1","Judgement+1"],"picked":"TalkToTheHand+1","floor":48},{"not_picked":["FlyingSleeves+1","JustLucky+1","Halt+1"],"picked":"SKIP","floor":55}],"player_experience":7221056,"relics_obtained":[{"floor":8,"key":"Bag of Marbles"},{"floor":9,"key":"Mummified Hand"},{"floor":10,"key":"MawBank"},{"floor":12,"key":"Strawberry"},{"floor":13,"key":"Odd Mushroom"},{"floor":14,"key":"Oddly Smooth Stone"},{"floor":24,"key":"War Paint"},{"floor":26,"key":"Toxic Egg 2"},{"floor":40,"key":"Omamori"},{"floor":42,"key":"Ornamental Fan"},{"floor":46,"key":"Molten Egg 2"},{"floor":55,"key":"Pocketwatch"}],"event_choices":[{"damage_healed":0,"gold_gain":0,"player_choice":"Lose Max HP","damage_taken":0,"relics_obtained":["Golden Idol"],"max_hp_gain":0,"max_hp_loss":6,"event_name":"Golden Idol","floor":2,"gold_loss":0},{"damage_healed":0,"gold_gain":0,"player_choice":"Entered Light","damage_taken":19,"max_hp_gain":0,"max_hp_loss":0,"event_name":"Shining Light","floor":4,"gold_loss":0,"cards_upgraded":["Strike_P","Defend_P"]},{"damage_healed":0,"gold_gain":0,"player_choice":"Ignored","damage_taken":0,"max_hp_gain":0,"max_hp_loss":0,"event_name":"Liars Game","floor":5,"gold_loss":0},{"damage_healed":0,"gold_gain":0,"player_choice":"Fought Mushrooms","damage_taken":0,"max_hp_gain":0,"max_hp_loss":0,"event_name":"Mushrooms","floor":13,"gold_loss":0},{"cards_removed":["Defend_P"],"damage_healed":0,"gold_gain":0,"player_choice":"Elegance","damage_taken":0,"max_hp_gain":0,"max_hp_loss":0,"event_name":"Back to Basics","floor":19,"gold_loss":0},{"damage_healed":0,"gold_gain":0,"player_choice":"Ignored","damage_taken":0,"max_hp_gain":0,"max_hp_loss":0,"event_name":"The Mausoleum","floor":20,"gold_loss":0},{"damage_healed":0,"gold_gain":0,"player_choice":"Ignored","damage_taken":0,"max_hp_gain":0,"max_hp_loss":0,"event_name":"Tomb of Lord Red Mask","floor":36,"gold_loss":0},{"damage_healed":0,"gold_gain":333,"player_choice":"Gave Idol","damage_taken":0,"max_hp_gain":0,"max_hp_loss":0,"event_name":"The Moai Head","floor":37,"relics_lost":["Golden Idol"],"gold_loss":0},{"damage_healed":14,"gold_gain":0,"player_choice":"Writhe","damage_taken":0,"max_hp_gain":0,"max_hp_loss":0,"event_name":"Winding Halls","floor":47,"gold_loss":0,"cards_obtained":["Writhe"]}],"is_beta":false,"boss_relics":[{"not_picked":["Philosopher\u0027s Stone","Sozu"],"picked":"SacredBark"},{"not_picked":["Runic Dome","Fusion Hammer"],"picked":"Runic Pyramid"}],"items_purged_floors":[3,44,54],"is_endless":false,"potions_floor_spawned":[10,11,13,16,18,22,24,28,29,38,40,46],"ascension_level":20,"potion_discard_per_floor":[[],[],[],[],[],[],[],[],[],[],[],[],[],[],[],[],[],["SpeedPotion"],[],[],[],[],[],[],[],[],[],[],[],[],[],[],[],[],[],[],[],[],[],[],[],[],[],[],[],["SmokeBomb"],[],[],[],[],[],[],[],[],[],[],[]]}