{"neow_bonuses_skipped_log":["TRANSFORM_CARD","RANDOM_COLORLESS_2","BOSS_RELIC"],"neow_costs_skipped_log":["NONE","PERCENT_DAMAGE","NONE"],"gold_per_floor":[111,111,30,45,45,45,75,75,75,92,124,124,159,179,179,259,259,273,301,216,67,81,81,110,110,110,219,219,254,263,278,278,352,352,372,422,144,159,179,179,223,233,233,262,262,273,273,303,303,303,303,303,303,100,142,142],"floor_reached":57,"playtime":4078,"items_purged":["Strike_P+1","Strike_P+1","Eruption+1"],"score":3217,"play_id":"3969c5b1-901c-4011-a6f5-9b0929f6da97","local_time":"20220705174344","score_breakdown":["Floors Climbed (57): 285","Enemies Slain (13): 26","Exordium Elites Killed (3): 30","City Elites Killed (2): 40","Beyond Elites Killed (3): 90","Bosses Slain (5): 750","Well Fed: 25","Champion (6): 150","Perfect (2): 100","Ascension (20): 1471","Heartbreaker: 250"],"is_ascension_mode":true,"campfire_choices":[{"data":"Meditate","floor":6,"key":"SMITH"},{"data":"Defend_P","floor":8,"key":"PURGE"},{"data":"Defend_P","floor":15,"key":"PURGE"},{"data":"Strike_P+1","floor":23,"key":"PURGE"},{"data":"Vigilance","floor":25,"key":"PURGE"},{"data":"Strike_P+1","floor":28,"key":"PURGE"},{"data":"Pain","floor":32,"key":"PURGE"},{"data":"LessonLearned+1","floor":40,"key":"PURGE"},{"data":"Defend_P+1","floor":45,"key":"PURGE"},{"floor":47,"key":"RECALL"},{"data":"FlurryOfBlows+1","floor":49,"key":"PURGE"},{"data":"SpiritShield+1","floor":53,"key":"PURGE"}],"neow_cost":"NONE","seed_source_timestamp":109022152002500,"shop_contents":[{"floor":3,"relics":["Toxic Egg 2","Oddly Smooth Stone","Frozen Eye"],"cards":["Brilliance","DeceiveReality","Evaluate","BattleHymn","Purity","Master of Strategy"],"potions":["BlessingOfTheForge","AttackPotion","Weak Potion"]},{"floor":21,"relics":["Pear","Torii","Lee\u0027s Waffle"],"cards":["FollowUp","JustLucky","DeusExMachina","Indignation","Mind Blast","Transmutation"],"potions":["BlessingOfTheForge","Fire Potion","EntropicBrew"]},{"floor":37,"relics":["Meat on the Bone","CaptainsWheel","Cauldron"],"cards":["FollowUp+1","ClearTheMind","Wireheading","The Bomb"],"potions":["Dexterity Potion","Swift Potion","PowerPotion"]},{"floor":54,"relics":["Bronze Scales","Whetstone","Toolbox"],"cards":["Brilliance+1","SandsOfTime+1","WreathOfFlame","Crescendo","Fasting2+1","Madness","The Bomb"],"potions":["Strength Potion","SneckoOil"]}],"circlet_count":0,"master_deck":["AscendersBane","Meditate+1","EmptyBody+1","Devotion+1","Omniscience+1","FearNoEvil+1","MentalFortress+1","WheelKick+1","Wallop+1","Enlightenment+1","Prostrate+1","WheelKick+1","Scrawl"],"potion_use_per_floor":[[],[],[],[],[],[],[],[],[],[],[],[],[],[],[],[],[],[],["LiquidMemories"],[],[],[],[],["SteroidPotion"],[],[],["Fruit Juice"],[],[],[],[],[],[],[],[],[],[],[],["Block Potion"],[],[],["Regen Potion"],[],[],[],[],[],[],[],[],[],[],[],[],["DuplicationPotion"],["Explosive Potion","FearPotion"],[]],"relics":["PureWater","NeowsBlessing","Peace Pipe","Gremlin Horn","Akabeko","CeramicFish","Cursed Key","Sundial","Orichalcum","Molten Egg 2","Mango","Damaru","CloakClasp","Black Star","Juzu Bracelet","Turnip","Lantern","Bottled Tornado","Frozen Egg 2","Lizard Tail","GoldenEye","Gambling Chip"],"potions_floor_usage":[19,24,27,39,42,55,56,56],"damage_taken":[{"damage":0,"enemies":"Jaw Worm","floor":1,"turns":1},{"damage":0,"enemies":"Cultist","floor":4,"turns":1},{"damage":0,"enemies":"3 Sentries","floor":7,"turns":2},{"damage":6,"enemies":"Small Slimes","floor":10,"turns":3},{"damage":0,"enemies":"Lagavulin","floor":11,"turns":4},{"damage":11,"enemies":"Gremlin Nob","floor":13,"turns":3},{"damage":6,"enemies":"Looter","floor":14,"turns":4},{"damage":0,"enemies":"Slime Boss","floor":16,"turns":7},{"damage":4,"enemies":"3 Byrds","floor":18,"turns":5},{"damage":9,"enemies":"Shell Parasite","floor":19,"turns":4},{"damage":8,"enemies":"Snecko","floor":22,"turns":4},{"damage":8,"enemies":"Slavers","floor":24,"turns":3},{"damage":0,"enemies":"Colosseum Slavers","floor":27,"turns":4},{"damage":0,"enemies":"Colosseum Nobs","floor":27,"turns":3},{"damage":4,"enemies":"Book of Stabbing","floor":29,"turns":3},{"damage":4,"enemies":"Chosen and Byrds","floor":31,"turns":3},{"damage":8,"enemies":"Automaton","floor":33,"turns":5},{"damage":0,"enemies":"3 Shapes","floor":35,"turns":3},{"damage":13,"enemies":"3 Darklings","floor":38,"turns":4},{"damage":3,"enemies":"Jaw Worm Horde","floor":39,"turns":4},{"damage":0,"enemies":"Giant Head","floor":41,"turns":6},{"damage":3,"enemies":"Writhing Mass","floor":42,"turns":4},{"damage":0,"enemies":"Reptomancer","floor":44,"turns":3},{"damage":0,"enemies":"Sphere and 2 Shapes","floor":46,"turns":3},{"damage":0,"enemies":"Nemesis","floor":48,"turns":3},{"damage":0,"enemies":"Donu and Deca","floor":50,"turns":6},{"damage":10,"enemies":"Time Eater","floor":51,"turns":5},{"damage":0,"enemies":"Shield and Spear","floor":55,"turns":4},{"damage":5,"enemies":"The Heart","floor":56,"turns":6}],"seed_played":"-8483630131799477069","neow_bonus_log":{"cardsObtained":[],"cardsUpgraded":[],"cardsRemoved":[],"cardsTransformed":[],"relicsObtained":["NeowsBlessing"],"maxHpGained":0,"goldGained":0,"damageTaken":0,"goldLost":0,"maxHpLost":0},"potions_obtained":[{"floor":4,"key":"SmokeBomb"},{"floor":14,"key":"SteroidPotion"},{"floor":16,"key":"LiquidMemories"},{"floor":22,"key":"Block Potion"},{"floor":24,"key":"AttackPotion"},{"floor":27,"key":"Fruit Juice"},{"floor":29,"key":"Dexterity Potion"},{"floor":33,"key":"SteroidPotion"},{"floor":38,"key":"Regen Potion"},{"floor":39,"key":"SpeedPotion"},{"floor":44,"key":"FearPotion"},{"floor":55,"key":"Explosive Potion"}],"is_trial":false,"path_per_floor":["M","?","$","M","?","R","E","R","T","M","E","T","E","M","R","B",null,"M","M","?","$","M","R","E","R","T","?","R","E","T","M","R","B",null,"M","?","$","M","M","R","E","M","T","E","R","M","R","E","R","B","B",null,"R","$","E","B",null],"character_chosen":"WATCHER","items_purchased":["LessonLearned","MentalFortress","Wallop+1","Enlightenment","Prostrate","DuplicationPotion"],"campfire_rested":0,"item_purchase_floors":[3,21,37,37,37,54],"current_hp_per_floor":[61,61,61,61,61,61,61,61,61,55,55,55,44,38,38,38,61,57,48,48,48,40,40,32,32,32,51,51,47,47,43,43,35,74,74,74,74,61,58,58,58,67,67,67,67,67,67,67,67,67,57,80,80,80,80,75],"gold":142,"neow_bonus":"THREE_ENEMY_KILL","is_prod":false,"is_daily":false,"rewards_skipped":[],"chose_seed":false,"campfire_upgraded":1,"win_rate":0,"floor_exit_playtime":[62,73,80,102,160,168,225,237,244,307,394,400,502,565,582,778,844,1013,1117,1123,1171,1263,1279,1371,1403,1415,1609,1618,1711,1746,1889,1896,2014,2083,2144,2156,2245,2363,2461,2489,2644,2758,2777,2909,2929,3012,3018,3114,3134,3271,3405,3449,3517,3607,3766,4078],"timestamp":1657057424,"blue_key_relic_skipped_log":{"floor":9,"relicID":"Dream Catcher"},"path_taken":["M","?","?","M","?","R","E","R","T","?","E","?","E","M","R","BOSS","M","M","?","$","M","R","E","R","T","?","R","E","?","M","R","BOSS","M","?","$","M","M","R","E","M","T","E","R","M","R","E","R","BOSS","BOSS","R","$","E","BOSS"],"build_version":"2022-03-07","purchased_purges":3,"victory":true,"max_hp_per_floor":[68,68,68,68,68,68,68,68,68,68,68,68,68,68,68,68,68,68,68,68,68,68,68,68,68,68,87,87,87,87,87,87,87,87,87,87,87,87,87,87,87,87,87,87,87,87,87,87,87,87,87,87,87,87,87,87],"relic_stats":{"Gremlin Horn":[26,26],"counters":[29,110],"CeramicFish":99,"CloakClasp":[194],"Juzu Bracelet":0,"Orichalcum":[18],"Bottled Tornado":"MentalFortress","Cursed Key":1,"GoldenEye":[0],"Peace Pipe":10,"Lizard Tail":0,"Sundial":[28],"Gambling Chip":[2],"Turnip":[8],"Black Star":4,"PureWater":[10],"obtain_stats":[{"Lantern":44,"NeowsBlessing":0,"Gremlin Horn":11,"CeramicFish":13,"Damaru":29,"Mango":27,"CloakClasp":30,"Juzu Bracelet":41,"Orichalcum":24,"Bottled Tornado":44,"Frozen Egg 2":48,"Cursed Key":17,"GoldenEye":55,"Akabeko":12,"Peace Pipe":7,"Lizard Tail":48,"Sundial":20,"Gambling Chip":55,"Molten Egg 2":27,"Turnip":41,"Black Star":34,"PureWater":0},{"Lantern":23,"NeowsBlessing":0,"Gremlin Horn":5,"CeramicFish":6,"Damaru":15,"Mango":14,"CloakClasp":15,"Juzu Bracelet":21,"Orichalcum":12,"Bottled Tornado":23,"Frozen Egg 2":25,"Cursed Key":8,"GoldenEye":28,"Akabeko":5,"Peace Pipe":3,"Lizard Tail":25,"Sundial":10,"Gambling Chip":28,"Molten Egg 2":14,"Turnip":21,"Black Star":17,"PureWater":0},{"Lantern":83,"NeowsBlessing":0,"Gremlin Horn":11,"CeramicFish":14,"Damaru":51,"Mango":48,"CloakClasp":51,"Juzu Bracelet":76,"Orichalcum":41,"Bottled Tornado":83,"Frozen Egg 2":89,"Cursed Key":25,"GoldenEye":104,"Akabeko":11,"Peace Pipe":4,"Lizard Tail":89,"Sundial":34,"Gambling Chip":104,"Molten Egg 2":48,"Turnip":76,"Black Star":59,"PureWater":0}]},"card_choices":[{"not_picked":["ClearTheMind","WindmillStrike"],"picked":"FlurryOfBlows","floor":1},{"not_picked":["MentalFortress","Consecrate"],"picked":"Meditate","floor":4},{"not_picked":["Crescendo","Indignation"],"picked":"SpiritShield","floor":7},{"not_picked":["Perseverance","BowlingBash"],"picked":"EmptyBody","floor":10},{"not_picked":["Swivel","BowlingBash","Worship"],"picked":"SKIP","floor":11},{"not_picked":["Fasting2","WreathOfFlame"],"picked":"Devotion","floor":13},{"not_picked":["Halt","Crescendo","Study"],"picked":"SKIP","floor":14},{"not_picked":["DeusExMachina","ConjureBlade"],"picked":"Omniscience","floor":16},{"not_picked":["CutThroughFate+1","EmptyFist"],"picked":"FearNoEvil+1","floor":19},{"not_picked":["FlurryOfBlows","Consecrate","SashWhip"],"picked":"SKIP","floor":22},{"not_picked":["Prostrate+1","Protect+1"],"picked":"WheelKick+1","floor":27},{"not_picked":["Protect","Swivel","Worship"],"picked":"SKIP","floor":29},{"not_picked":["Evaluate","TalkToTheHand+1","FollowUp+1"],"picked":"SKIP","floor":31},{"not_picked":["Evaluate","TalkToTheHand+1","FollowUp+1"],"picked":"SKIP","floor":31},{"not_picked":["Crescendo","ThirdEye","FollowUp+1"],"picked":"SKIP","floor":35},{"not_picked":["Tantrum+1","BowlingBash+1","CrushJoints+1"],"picked":"SKIP","floor":38},{"not_picked":["CutThroughFate+1","Conclude+1","Evaluate"],"picked":"SKIP","floor":39},{"not_picked":["JustLucky+1","Crescendo"],"picked":"WheelKick+1","floor":41},{"not_picked":["Meditate","EmptyBody+1","BattleHymn"],"picked":"SKIP","floor":42},{"not_picked":["Pray","Protect","CutThroughFate+1"],"picked":"SKIP","floor":44},{"not_picked":["BowlingBash+1","Halt","ClearTheMind"],"picked":"SKIP","floor":46},{"not_picked":["Crescendo","JustLucky+1","EmptyFist+1"],"picked":"SKIP","floor":48},{"not_picked":["Fasting2+1","BowlingBash+1"],"picked":"Scrawl","floor":55}],"player_experience":7332008,"relics_obtained":[{"floor":7,"key":"Peace Pipe"},{"floor":11,"key":"Gremlin Horn"},{"floor":12,"key":"Akabeko"},{"floor":13,"key":"CeramicFish"},{"floor":24,"key":"Orichalcum"},{"floor":27,"key":"Molten Egg 2"},{"floor":27,"key":"Mango"},{"floor":29,"key":"Damaru"},{"floor":30,"key":"CloakClasp"},{"floor":41,"key":"Juzu Bracelet"},{"floor":41,"key":"Turnip"},{"floor":44,"key":"Lantern"},{"floor":44,"key":"Bottled Tornado"},{"floor":48,"key":"Frozen Egg 2"},{"floor":48,"key":"Lizard Tail"},{"floor":55,"key":"GoldenEye"},{"floor":55,"key":"Gambling Chip"}],"event_choices":[{"cards_removed":["Defend_P"],"damage_healed":0,"gold_gain":0,"player_choice":"Purged","damage_taken":0,"max_hp_gain":0,"max_hp_loss":0,"event_name":"Purifier","floor":2,"gold_loss":0},{"damage_healed":0,"gold_gain":0,"player_choice":"Forge","damage_taken":0,"max_hp_gain":0,"max_hp_loss":0,"event_name":"Accursed Blacksmith","floor":5,"gold_loss":0,"cards_upgraded":["LessonLearned"]},{"damage_healed":0,"gold_gain":0,"player_choice":"Obtained Relic","damage_taken":0,"relics_obtained":["Sundial"],"max_hp_gain":0,"max_hp_loss":0,"event_name":"Addict","floor":20,"gold_loss":85},{"damage_healed":0,"gold_gain":0,"player_choice":"Fight","damage_taken":0,"max_hp_gain":0,"max_hp_loss":0,"event_name":"Colosseum","floor":27,"gold_loss":0},{"damage_healed":0,"gold_gain":0,"player_choice":"Fought Nobs","damage_taken":0,"max_hp_gain":0,"max_hp_loss":0,"event_name":"Colosseum","floor":27,"gold_loss":0},{"damage_healed":0,"gold_gain":50,"player_choice":"Pray","damage_taken":0,"max_hp_gain":0,"max_hp_loss":0,"event_name":"Golden Shrine","floor":36,"gold_loss":0}],"is_beta":false,"boss_relics":[{"not_picked":["Busted Crown","Ectoplasm"],"picked":"Cursed Key"},{"not_picked":["SlaversCollar","Philosopher\u0027s Stone"],"picked":"Black Star"}],"items_purged_floors":[21,37,54],"is_endless":false,"potions_floor_spawned":[4,14,16,22,24,27,29,33,38,39,44,55],"ascension_level":20,"potion_discard_per_floor":[[],[],[],[],[],[],[],[],[],[],[],[],[],[],[],["SmokeBomb"],[],[],[],[],[],[],[],[],[],[],["AttackPotion"],[],[],[],[],[],["Dexterity Potion"],[],[],[],[],["SteroidPotion"],[],[],[],[],[],[],[],[],[],[],[],[],[],[],[],["SpeedPotion"],[],[],[]]}