{"gold_per_floor":[131,157,169,181,209,221,18,18,18,18,54,113,150,202,202,277,277,287,21,21,21,21,21,59,93,118,159,159,284,54,85,85,187,187,222,222,103,116,116,116,172,230,230,255,343,16,69,137,137,162,212,212,212,50,80,80],"floor_reached":57,"playtime":7429,"items_purged":["Hyperbeam+1"],"score":3453,"play_id":"8b2d5da0-3923-4e6a-b13d-77b3e01dba57","local_time":"20220606191352","is_ascension_mode":true,"campfire_choices":[{"floor":6,"key":"REST"},{"data":"HandOfGreed","floor":8,"key":"SMITH"},{"data":"Dualcast","floor":10,"key":"SMITH"},{"data":"Genetic Algorithm","floor":15,"key":"SMITH"},{"data":"Electrodynamics","floor":23,"key":"SMITH"},{"data":"Biased Cognition","floor":32,"key":"SMITH"},{"data":"Seek","floor":40,"key":"SMITH"},{"floor":49,"key":"RECALL"},{"data":"Fission","floor":53,"key":"SMITH"}],"neow_cost":"NONE","seed_source_timestamp":754586218405400,"shop_contents":[{"floor":7,"relics":["Tiny Chest","Kunai","Orrery"],"cards":["Compile Driver","All For One","Redo","Stack","Static Discharge","Finesse"],"potions":["Energy Potion","LiquidMemories","SkillPotion"]},{"floor":19,"relics":["Symbiotic Virus","Cables"],"cards":["Compile Driver+1","Melter+1","Conserve Battery","Static Discharge","Purity","Master of Strategy"],"potions":["BlessingOfTheForge","CultistPotion"]},{"floor":30,"relics":["Ancient Tea Set","White Beast Statue","TheAbacus"],"cards":["Blizzard+1","Cold Snap+1","Turbo","Storm","Purity"],"potions":["Weak Potion","SkillPotion","PowerPotion"]},{"floor":37,"relics":["Blood Vial","Bag of Marbles","HandDrill"],"cards":["Scrape+1","Rebound+1","Chill","Aggregate","Panacea","Mayhem"],"potions":["FearPotion","LiquidMemories","Fire Potion"]},{"floor":46,"relics":["Omamori","ClockworkSouvenir"],"cards":["Core Surge+1","Beam Cell+1","Skim","Steam","Panacea","Violence"],"potions":["CultistPotion","Regen Potion","Weak Potion"]},{"floor":54,"relics":["Mummified Hand","Shuriken"],"cards":["Barrage+1","Sunder+1","Reboot","Auto Shields","Capacitor","Dark Shackles","Violence"],"potions":["SteroidPotion","AttackPotion","Ancient Potion"]}],"circlet_count":0,"master_deck":["AscendersBane","Dualcast+1","Genetic Algorithm+1","Cold Snap","Cold Snap","HandOfGreed+1","Beam Cell+1","Beam Cell+1","Sweeping Beam+1","Core Surge+1","Electrodynamics+1","Biased Cognition+1","Heatsinks","Leap","Hyperbeam+1","Ball Lightning+1","Chaos","Recycle","Leap+1","Turbo","Ghostly","Ghostly","Ghostly","Chill","Coolheaded","Master of Strategy","Hologram","Fission+1","Seek+1","Hologram","Defragment","Core Surge+1","Aggregate+1","Biased Cognition","Lockon+1","Ghostly"],"potion_use_per_floor":[[],[],[],[],[],[],[],[],[],[],[],[],[],[],[],["AttackPotion","Dexterity Potion"],[],["LiquidBronze"],[],[],[],[],[],[],["SkillPotion"],[],[],[],[],[],["SkillPotion"],[],[],[],[],[],[],[],[],[],[],[],[],[],[],[],[],[],[],[],[],[],[],[],[],["Ancient Potion","DuplicationPotion"],[]],"relics":["Cracked Core","MawBank","Oddly Smooth Stone","Molten Egg 2","WingedGreaves","Eternal Feather","Pandora\u0027s Box","Runic Capacitor","Nilry\u0027s Codex","Orichalcum","DataDisk","TungstenRod","Singing Bowl","HornCleat","Nuclear Battery","Vajra","Ginger","Unceasing Top","Centennial Puzzle","Anchor","DollysMirror","Lizard Tail"],"potions_floor_usage":[16,16,18,25,31,56,56],"damage_taken":[{"damage":2,"enemies":"Small Slimes","floor":1,"turns":3},{"damage":0,"enemies":"2 Louse","floor":2,"turns":1},{"damage":1,"enemies":"Jaw Worm","floor":5,"turns":4},{"damage":3,"enemies":"Looter","floor":11,"turns":2},{"damage":13,"enemies":"Lagavulin","floor":12,"turns":8},{"damage":6,"enemies":"3 Louse","floor":13,"turns":3},{"damage":0,"enemies":"Gremlin Nob","floor":14,"turns":2},{"damage":8,"enemies":"The Guardian","floor":16,"turns":10},{"damage":0,"enemies":"3 Byrds","floor":18,"turns":2},{"damage":1,"enemies":"Shell Parasite","floor":24,"turns":5},{"damage":1,"enemies":"Book of Stabbing","floor":25,"turns":5},{"damage":0,"enemies":"Snake Plant","floor":27,"turns":2},{"damage":0,"enemies":"Colosseum Slavers","floor":29,"turns":3},{"damage":0,"enemies":"Colosseum Nobs","floor":29,"turns":5},{"damage":0,"enemies":"Slavers","floor":31,"turns":1},{"damage":0,"enemies":"Collector","floor":33,"turns":8},{"damage":0,"enemies":"Orb Walker","floor":35,"turns":2},{"damage":1,"enemies":"3 Darklings","floor":38,"turns":5},{"damage":3,"enemies":"Reptomancer","floor":41,"turns":5},{"damage":6,"enemies":"Giant Head","floor":42,"turns":14},{"damage":2,"enemies":"Nemesis","floor":44,"turns":25},{"damage":0,"enemies":"Sphere and 2 Shapes","floor":45,"turns":16},{"damage":0,"enemies":"Giant Head","floor":47,"turns":7},{"damage":0,"enemies":"Jaw Worm Horde","floor":48,"turns":5},{"damage":0,"enemies":"Time Eater","floor":50,"turns":23},{"damage":37,"enemies":"Donu and Deca","floor":51,"turns":20},{"damage":1,"enemies":"Shield and Spear","floor":55,"turns":9},{"damage":0,"enemies":"The Heart","floor":56,"turns":9}],"seed_played":"-4988340100398262184","neow_bonus_log":{"cardsObtained":[],"cardsUpgraded":[],"cardsRemoved":[],"cardsTransformed":[],"relicsObtained":["MawBank"],"maxHpGained":0,"goldGained":0,"damageTaken":0,"goldLost":0,"maxHpLost":0},"potions_obtained":[{"floor":11,"key":"AttackPotion"},{"floor":13,"key":"Dexterity Potion"},{"floor":16,"key":"LiquidBronze"},{"floor":24,"key":"SkillPotion"},{"floor":27,"key":"SkillPotion"},{"floor":31,"key":"Dexterity Potion"},{"floor":33,"key":"Ancient Potion"}],"is_trial":false,"path_per_floor":["M","M","?","?","M","R","$","R","T","R","M","E","M","E","R","B",null,"M","$","?","?","?","R","M","E","T","M","?","?","$","E","R","B",null,"M","?","$","M","?","R","E","E","T","E","M","$","E","M","R","B","B",null,"R","$","E","B",null],"character_chosen":"DEFECT","items_purchased":["HandOfGreed","Runic Capacitor","Turbo","DuplicationPotion","Master of Strategy","Hologram","Defragment","Biased Cognition","Centennial Puzzle","DollysMirror"],"campfire_rested":1,"item_purchase_floors":[7,19,19,19,30,30,37,46,46,54],"current_hp_per_floor":[62,62,36,15,14,35,35,35,35,35,32,19,13,13,22,14,57,57,57,35,35,14,26,25,24,24,24,17,19,19,19,34,34,40,40,40,40,41,41,42,41,37,37,35,35,35,35,37,48,48,11,39,48,48,49,49],"gold":80,"neow_bonus":"RANDOM_COMMON_RELIC","is_prod":false,"is_daily":false,"rewards_skipped":[{"floor":42,"relics":[],"potions":["SkillPotion"]},{"floor":44,"relics":[],"potions":["Explosive Potion"]},{"floor":55,"relics":[],"potions":["Swift Potion"]}],"chose_seed":false,"campfire_upgraded":7,"win_rate":0,"floor_exit_playtime":[166,180,215,299,384,391,601,608,613,640,677,844,905,937,990,1186,1294,1368,1560,1611,1644,1731,1740,1876,2024,2029,2080,2088,2306,2409,2515,2526,2997,3066,3136,3142,3242,3461,3465,3472,3677,4112,4116,4695,5058,5096,5438,5610,5614,6200,6692,6739,6758,6796,7116,7429],"timestamp":1654557232,"blue_key_relic_skipped_log":{"floor":43,"relicID":"InkBottle"},"path_taken":["M","M","?","?","M","R","$","R","T","R","M","E","M","E","R","BOSS","M","$","?","?","?","R","?","E","T","M","?","?","?","E","R","BOSS","M","?","$","M","?","R","E","E","T","E","M","$","E","?","R","BOSS","BOSS","R","$","E","BOSS"],"build_version":"2022-03-07","purchased_purges":1,"victory":true,"max_hp_per_floor":[71,71,71,71,71,71,71,71,71,71,71,71,71,71,71,71,71,71,71,35,35,35,35,35,35,35,35,40,42,42,42,42,42,42,42,40,40,42,42,42,44,46,46,46,46,46,46,48,48,48,48,48,48,48,50,50],"relic_stats":{"Singing Bowl":12,"counters":[28,204],"Nilry\u0027s Codex":[11,35,23,83],"Eternal Feather":57,"Ginger":[6],"Orichalcum":[378],"MawBank":84,"Centennial Puzzle":[6],"Lizard Tail":0,"Pandora\u0027s Box":["Biased Cognition","Heatsinks","Leap","Hyperbeam","Hyperbeam","Ball Lightning","Chaos","Recycle"],"WingedGreaves":3,"obtain_stats":[{"Singing Bowl":29,"Nilry\u0027s Codex":22,"Oddly Smooth Stone":3,"Vajra":41,"Eternal Feather":14,"Runic Capacitor":19,"Ginger":42,"Orichalcum":25,"MawBank":0,"Nuclear Battery":34,"DataDisk":26,"Centennial Puzzle":46,"Anchor":47,"Lizard Tail":55,"HornCleat":31,"DollysMirror":54,"Molten Egg 2":9,"Pandora\u0027s Box":17,"WingedGreaves":12,"Cracked Core":0,"TungstenRod":29,"Unceasing Top":44},{"Singing Bowl":14,"Nilry\u0027s Codex":9,"Oddly Smooth Stone":2,"Vajra":19,"Eternal Feather":7,"Runic Capacitor":9,"Ginger":20,"Orichalcum":11,"MawBank":0,"Nuclear Battery":16,"DataDisk":11,"Centennial Puzzle":22,"Anchor":23,"Lizard Tail":27,"HornCleat":15,"DollysMirror":26,"Molten Egg 2":3,"Pandora\u0027s Box":8,"WingedGreaves":5,"Cracked Core":0,"TungstenRod":14,"Unceasing Top":21},{"Singing Bowl":55,"Nilry\u0027s Codex":35,"Oddly Smooth Stone":4,"Vajra":76,"Eternal Feather":23,"Runic Capacitor":35,"Ginger":90,"Orichalcum":45,"MawBank":0,"Nuclear Battery":64,"DataDisk":45,"Centennial Puzzle":131,"Anchor":138,"Lizard Tail":195,"HornCleat":56,"DollysMirror":186,"Molten Egg 2":8,"Pandora\u0027s Box":33,"WingedGreaves":18,"Cracked Core":0,"TungstenRod":55,"Unceasing Top":115}],"TungstenRod":26,"Unceasing Top":[24]},"card_choices":[{"not_picked":["Gash","Leap"],"picked":"Genetic Algorithm","floor":1},{"not_picked":["Blizzard","Leap"],"picked":"Cold Snap","floor":2},{"not_picked":["Gash","Conserve Battery"],"picked":"Cold Snap","floor":5},{"not_picked":["Hologram","Compile Driver+1"],"picked":"Beam Cell+1","floor":11},{"not_picked":["Go for the Eyes+1","Tempest"],"picked":"Beam Cell+1","floor":12},{"not_picked":["Chaos","Amplify"],"picked":"Sweeping Beam+1","floor":13},{"not_picked":["Conserve Battery","Redo"],"picked":"Core Surge+1","floor":14},{"not_picked":["Echo Form","Fission"],"picked":"Electrodynamics","floor":16},{"not_picked":["Auto Shields","Static Discharge"],"picked":"Leap+1","floor":18},{"not_picked":["Stack","Coolheaded"],"picked":"Chill","floor":24},{"not_picked":["Leap","Streamline+1","Meteor Strike+1"],"picked":"SKIP","floor":25},{"not_picked":["Sweeping Beam+1","Beam Cell+1"],"picked":"Coolheaded","floor":27},{"not_picked":["Steam Power","Turbo","Blizzard+1"],"picked":"Singing Bowl","floor":29},{"not_picked":["Doom and Gloom+1","Conserve Battery"],"picked":"Fission","floor":31},{"not_picked":["Electrodynamics","Biased Cognition"],"picked":"Seek","floor":33},{"not_picked":["Chill","Redo"],"picked":"Hologram","floor":35},{"not_picked":["Turbo+1","Rebound+1","Force Field"],"picked":"Singing Bowl","floor":38},{"not_picked":["Redo","Sweeping Beam+1","Coolheaded"],"picked":"Singing Bowl","floor":41},{"not_picked":["Leap","Steam Power","Tempest"],"picked":"Singing Bowl","floor":42},{"not_picked":["Gash+1","Hologram"],"picked":"Core Surge+1","floor":44},{"not_picked":["Hologram","Chaos"],"picked":"Aggregate+1","floor":45},{"not_picked":["Leap","Stack"],"picked":"Lockon+1","floor":47},{"not_picked":["Rebound+1","Chill+1","Force Field"],"picked":"Singing Bowl","floor":48},{"not_picked":["All For One+1","Turbo+1","Hologram"],"picked":"Singing Bowl","floor":55}],"player_experience":12943422,"relics_obtained":[{"floor":9,"key":"Molten Egg 2"},{"floor":12,"key":"WingedGreaves"},{"floor":14,"key":"Eternal Feather"},{"floor":22,"key":"Nilry\u0027s Codex"},{"floor":25,"key":"Orichalcum"},{"floor":26,"key":"DataDisk"},{"floor":29,"key":"TungstenRod"},{"floor":29,"key":"Singing Bowl"},{"floor":31,"key":"HornCleat"},{"floor":41,"key":"Vajra"},{"floor":42,"key":"Ginger"},{"floor":44,"key":"Unceasing Top"},{"floor":47,"key":"Anchor"},{"floor":55,"key":"Lizard Tail"}],"event_choices":[{"damage_healed":0,"gold_gain":0,"player_choice":"Success","damage_taken":26,"relics_obtained":["Oddly Smooth Stone"],"max_hp_gain":0,"max_hp_loss":0,"event_name":"Scrap Ooze","floor":3,"gold_loss":0},{"damage_healed":0,"gold_gain":0,"player_choice":"Entered Light","damage_taken":21,"max_hp_gain":0,"max_hp_loss":0,"event_name":"Shining Light","floor":4,"gold_loss":0,"cards_upgraded":["Defend_B","Strike_B"]},{"damage_healed":0,"gold_gain":0,"player_choice":"Became a Ghost","damage_taken":0,"max_hp_gain":0,"max_hp_loss":36,"event_name":"Ghosts","floor":20,"gold_loss":0,"cards_obtained":["Ghostly","Ghostly","Ghostly"]},{"cards_removed":["Zap"],"damage_healed":0,"gold_gain":0,"player_choice":"Elegance","damage_taken":0,"max_hp_gain":0,"max_hp_loss":0,"event_name":"Back to Basics","floor":21,"gold_loss":0},{"damage_healed":0,"gold_gain":0,"player_choice":"Obtained Book","damage_taken":21,"max_hp_gain":0,"max_hp_loss":0,"event_name":"Cursed Tome","floor":22,"gold_loss":0},{"damage_healed":0,"gold_gain":0,"player_choice":"Shed Blood","damage_taken":12,"max_hp_gain":5,"max_hp_loss":0,"event_name":"Forgotten Altar","floor":28,"gold_loss":0},{"damage_healed":0,"gold_gain":0,"player_choice":"Fight","damage_taken":0,"max_hp_gain":0,"max_hp_loss":0,"event_name":"Colosseum","floor":29,"gold_loss":0},{"damage_healed":0,"gold_gain":0,"player_choice":"Fought Nobs","damage_taken":0,"max_hp_gain":0,"max_hp_loss":0,"event_name":"Colosseum","floor":29,"gold_loss":0},{"damage_healed":0,"gold_gain":0,"player_choice":"Max HP","damage_taken":0,"max_hp_gain":0,"max_hp_loss":2,"event_name":"Winding Halls","floor":36,"gold_loss":0},{"damage_healed":0,"gold_gain":0,"player_choice":"Ignored","damage_taken":0,"max_hp_gain":0,"max_hp_loss":0,"event_name":"Tomb of Lord Red Mask","floor":39,"gold_loss":0}],"is_beta":false,"boss_relics":[{"not_picked":["Ectoplasm","Inserter"],"picked":"Pandora\u0027s Box"},{"not_picked":["SacredBark","Fusion Hammer"],"picked":"Nuclear Battery"}],"items_purged_floors":[37],"is_endless":false,"potions_floor_spawned":[11,13,16,24,27,31,33,42,44,55],"ascension_level":20,"potion_discard_per_floor":[[],[],[],[],[],[],[],[],[],[],[],[],[],[],[],[],[],[],[],[],[],[],[],[],[],[],[],[],[],[],[],[],["Dexterity Potion"],[],[],[],[],[],[],[],[],[],[],[],[],[],[],[],[],[],[],[],[],[],[],[],[]]}