{"gold_per_floor":[364,116,135,155,172,172,199,199,199,226,238,238,58,78,78,78],"floor_reached":16,"playtime":1521,"items_purged":["Strike_G","Strike_G"],"score":224,"play_id":"d77d765d-edba-4a51-8ce5-68242677dd0b","local_time":"20220105163536","is_ascension_mode":true,"campfire_choices":[{"data":"Noxious Fumes","floor":6,"key":"SMITH"},{"data":"Predator","floor":8,"key":"SMITH"},{"data":"Acrobatics","floor":15,"key":"SMITH"}],"neow_cost":"TEN_PERCENT_HP_LOSS","seed_source_timestamp":1222707700976100,"circlet_count":0,"master_deck":["AscendersBane","Strike_G","Strike_G","Strike_G","Defend_G","Defend_G","Defend_G","Defend_G","Defend_G","Survivor","Neutralize","PiercingWail","Predator+1","Noxious Fumes+1","Unload","Endless Agony","Poisoned Stab","Predator","Acrobatics+1","PiercingWail","Noxious Fumes"],"relics":["Ring of the Snake","Orrery","Mummified Hand","Sundial","Darkstone Periapt"],"potions_floor_usage":[7,14,16],"damage_taken":[{"damage":0,"enemies":"Small Slimes","floor":1,"turns":4},{"damage":3,"enemies":"2 Louse","floor":3,"turns":2},{"damage":0,"enemies":"Jaw Worm","floor":4,"turns":3},{"damage":2,"enemies":"2 Fungi Beasts","floor":5,"turns":4},{"damage":17,"enemies":"3 Sentries","floor":7,"turns":8},{"damage":28,"enemies":"Lagavulin","floor":10,"turns":7},{"damage":4,"enemies":"Blue Slaver","floor":11,"turns":4},{"damage":7,"enemies":"Exordium Wildlife","floor":14,"turns":5},{"damage":13,"enemies":"Slime Boss","floor":16,"turns":4}],"seed_played":"2314821426413200379","potions_obtained":[{"floor":4,"key":"CunningPotion"},{"floor":11,"key":"Fire Potion"}],"is_trial":false,"path_per_floor":["M","$","M","M","M","R","E","R","T","E","M","?","$","M","R","B"],"character_chosen":"THE_SILENT","items_purchased":["Orrery","Regen Potion"],"campfire_rested":0,"item_purchase_floors":[2,13],"current_hp_per_floor":[59,59,56,56,54,54,37,37,37,9,5,5,5,13,13,0],"gold":78,"neow_bonus":"TWO_FIFTY_GOLD","is_prod":false,"is_daily":false,"chose_seed":false,"campfire_upgraded":3,"win_rate":0,"timestamp":1641418536,"path_taken":["M","$","M","M","M","R","E","R","T","E","M","?","$","M","R","BOSS"],"build_version":"2020-12-22","purchased_purges":2,"victory":false,"max_hp_per_floor":[60,60,60,60,60,60,60,60,60,60,60,60,60,60,60,60],"relic_stats":{"Darkstone Periapt":0,"counters":[9,41],"Mummified Hand":[6],"Sundial":[4],"obtain_stats":[{"Darkstone Periapt":10,"Mummified Hand":7,"Sundial":9,"Orrery":2,"Ring of the Snake":0},{"Darkstone Periapt":6,"Mummified Hand":5,"Sundial":5,"Orrery":1,"Ring of the Snake":0},{"Darkstone Periapt":28,"Mummified Hand":21,"Sundial":21,"Orrery":4,"Ring of the Snake":0}],"Ring of the Snake":[18]},"card_choices":[{"not_picked":["Backflip","Acrobatics"],"picked":"PiercingWail","floor":1},{"not_picked":["Quick Slash","Bane"],"picked":"Predator","floor":2},{"not_picked":["Outmaneuver","Bouncing Flask"],"picked":"Noxious Fumes","floor":2},{"not_picked":["Cloak And Dagger","Accuracy"],"picked":"Unload","floor":2},{"not_picked":["Caltrops","Dagger Throw"],"picked":"Endless Agony","floor":3},{"not_picked":["Quick Slash","Eviscerate"],"picked":"Poisoned Stab","floor":4},{"not_picked":["Blade Dance","Quick Slash"],"picked":"Predator","floor":5},{"not_picked":["Dagger Spray","Caltrops","Cloak And Dagger"],"picked":"SKIP","floor":7},{"not_picked":["Deflect","Crippling Poison"],"picked":"Acrobatics","floor":10},{"not_picked":["Distraction","Cloak And Dagger"],"picked":"PiercingWail","floor":11},{"not_picked":["Outmaneuver","Reflex"],"picked":"Noxious Fumes","floor":14}],"player_experience":5842568,"relics_obtained":[{"floor":7,"key":"Mummified Hand"},{"floor":9,"key":"Sundial"},{"floor":10,"key":"Darkstone Periapt"}],"event_choices":[{"damage_healed":0,"gold_gain":0,"player_choice":"Ignored","damage_taken":0,"max_hp_gain":0,"max_hp_loss":0,"event_name":"Shining Light","floor":12,"gold_loss":0}],"is_beta":false,"boss_relics":[],"items_purged_floors":[2,13],"is_endless":false,"potions_floor_spawned":[4,11],"killed_by":"Slime Boss","ascension_level":20}