{"gold_per_floor":[18,293,59,73,84,111,121,121,121,146,163,195,195,229,229,306,306,325,338,358,85,85,118,118,132,207,235,253,277,303,48,48,127,127,145,145,163,163,13,47,47,64,119,131,143,143,143,162,162,162,162,162,162,22,53,53],"floor_reached":57,"playtime":7400,"items_purged":["Regret","All Out Attack","Deadly Poison","All Out Attack","Flying Knee"],"score":3044,"play_id":"e166cb10-bce6-4319-9a2c-79a2a4cdbc78","local_time":"20220122165208","is_ascension_mode":true,"campfire_choices":[{"data":"Flechettes","floor":8,"key":"SMITH"},{"data":"Prepared","floor":13,"key":"SMITH"},{"data":"Malaise","floor":15,"key":"SMITH"},{"data":"Terror","floor":24,"key":"SMITH"},{"data":"Calculated Gamble","floor":32,"key":"SMITH"},{"data":"Well Laid Plans","floor":41,"key":"SMITH"},{"floor":46,"key":"RECALL"},{"data":"Calculated Gamble","floor":49,"key":"SMITH"},{"data":"Grand Finale","floor":53,"key":"SMITH"}],"neow_cost":"NO_GOLD","seed_source_timestamp":308048696543200,"circlet_count":0,"master_deck":["AscendersBane","Survivor","Neutralize","Dagger Throw","Blade Dance","Accuracy","Reflex","Endless Agony","Acrobatics","Well Laid Plans+1","Prepared+1","Malaise+1","Grand Finale+1","Blade Dance","Terror+1","Expertise","Sucker Punch","Burst","Night Terror","Outmaneuver+1","Prepared+1","Deflect","Blur","Calculated Gamble+1","Blur","Footwork+1","Adrenaline","Acrobatics","Calculated Gamble+1","Malaise"],"relics":["Ring of the Snake","Gambling Chip","Toy Ornithopter","Mercury Hourglass","Mango","Tough Bandages","Blood Vial","Pandora\u0027s Box","DollysMirror","Kunai","Frozen Egg 2","Incense Burner","Molten Egg 2","Runic Dome","The Courier","Nunchaku","Pantograph"],"potions_floor_usage":[6,10,12,19,23,30,56,56,56],"damage_taken":[{"damage":2,"enemies":"2 Louse","floor":1,"turns":4},{"damage":0,"enemies":"Cultist","floor":4,"turns":2},{"damage":1,"enemies":"Jaw Worm","floor":5,"turns":2},{"damage":20,"enemies":"Lagavulin","floor":6,"turns":6},{"damage":7,"enemies":"Exordium Wildlife","floor":7,"turns":6},{"damage":5,"enemies":"Gremlin Nob","floor":10,"turns":3},{"damage":1,"enemies":"Red Slaver","floor":11,"turns":2},{"damage":9,"enemies":"Lagavulin","floor":12,"turns":6},{"damage":0,"enemies":"3 Sentries","floor":14,"turns":2},{"damage":1,"enemies":"The Guardian","floor":16,"turns":11},{"damage":0,"enemies":"Shell Parasite","floor":18,"turns":4},{"damage":1,"enemies":"2 Thieves","floor":19,"turns":2},{"damage":0,"enemies":"Snake Plant","floor":20,"turns":4},{"damage":12,"enemies":"Gremlin Leader","floor":23,"turns":3},{"damage":0,"enemies":"Centurion and Healer","floor":25,"turns":3},{"damage":0,"enemies":"Book of Stabbing","floor":27,"turns":5},{"damage":0,"enemies":"Chosen and Byrds","floor":28,"turns":5},{"damage":0,"enemies":"Gremlin Leader","floor":30,"turns":4},{"damage":3,"enemies":"Automaton","floor":33,"turns":10},{"damage":0,"enemies":"Orb Walker","floor":35,"turns":3},{"damage":0,"enemies":"3 Shapes","floor":37,"turns":6},{"damage":0,"enemies":"Reptomancer","floor":40,"turns":4},{"damage":0,"enemies":"Maw","floor":42,"turns":6},{"damage":0,"enemies":"3 Darklings","floor":44,"turns":4},{"damage":0,"enemies":"Spire Growth","floor":45,"turns":5},{"damage":2,"enemies":"Writhing Mass","floor":48,"turns":3},{"damage":6,"enemies":"Time Eater","floor":50,"turns":28},{"damage":0,"enemies":"Awakened One","floor":51,"turns":16},{"damage":0,"enemies":"Shield and Spear","floor":55,"turns":5},{"damage":7,"enemies":"The Heart","floor":56,"turns":8}],"seed_played":"-831651224389060227","potions_obtained":[{"floor":6,"key":"Swift Potion"},{"floor":7,"key":"PowerPotion"},{"floor":11,"key":"AttackPotion"},{"floor":14,"key":"FearPotion"},{"floor":19,"key":"EssenceOfSteel"},{"floor":20,"key":"Energy Potion"},{"floor":23,"key":"FearPotion"},{"floor":25,"key":"GamblersBrew"},{"floor":33,"key":"Dexterity Potion"},{"floor":40,"key":"LiquidMemories"},{"floor":42,"key":"EntropicBrew"}],"is_trial":false,"path_per_floor":["M","?","$","M","M","E","M","R","T","E","M","E","R","E","R","B",null,"M","M","M","$","?","E","R","M","T","E","M","T","E","$","R","B",null,"M","?","M","?","$","E","R","M","T","M","M","R","$","M","R","B","B",null,"R","$","E","B",null],"character_chosen":"THE_SILENT","items_purchased":["Blade Dance","Accuracy","FearPotion","DollysMirror","Blur","Footwork+1"],"campfire_rested":0,"item_purchase_floors":[3,3,3,21,31,31],"current_hp_per_floor":[57,57,57,57,56,36,29,29,29,43,42,38,38,38,38,39,70,72,78,80,80,57,52,52,54,54,56,58,58,65,65,65,64,80,82,82,84,95,95,95,95,95,95,95,95,95,95,93,93,89,91,94,94,94,95,95],"gold":53,"neow_bonus":"ONE_RARE_RELIC","is_prod":false,"is_daily":false,"chose_seed":false,"campfire_upgraded":8,"win_rate":0,"timestamp":1642888328,"path_taken":["M","?","$","M","M","E","?","R","T","E","M","E","R","E","R","BOSS","M","M","M","$","?","E","R","M","T","E","M","?","E","?","R","BOSS","M","?","M","?","$","E","R","M","T","?","?","R","?","M","R","BOSS","BOSS","R","$","E","BOSS"],"build_version":"2020-12-22","purchased_purges":5,"victory":true,"max_hp_per_floor":[66,66,66,66,66,66,66,66,66,80,80,80,80,80,80,80,80,80,80,80,80,85,85,85,85,85,85,85,85,85,85,85,85,85,85,85,85,95,95,95,95,95,95,95,95,95,95,95,95,95,95,95,95,95,95,95],"relic_stats":{"counters":[30,170],"The Courier":35,"Mercury Hourglass":[519],"Blood Vial":29,"Tough Bandages":[1695],"Nunchaku":[13],"Gambling Chip":[166],"Pantograph":0,"Pandora\u0027s Box":["All Out Attack","Blade Dance","Terror","Expertise","All Out Attack","Sucker Punch","Deadly Poison","Burst","Night Terror","Flying Knee"],"Kunai":[63],"obtain_stats":[{"Mango":10,"The Courier":40,"Incense Burner":27,"Frozen Egg 2":26,"Mercury Hourglass":9,"Blood Vial":14,"Runic Dome":34,"Tough Bandages":12,"Nunchaku":43,"DollysMirror":21,"Gambling Chip":0,"Pantograph":55,"Pandora\u0027s Box":17,"Molten Egg 2":30,"Kunai":23,"Toy Ornithopter":6,"Ring of the Snake":0},{"Mango":6,"The Courier":22,"Incense Burner":16,"Frozen Egg 2":15,"Mercury Hourglass":5,"Blood Vial":9,"Runic Dome":19,"Tough Bandages":8,"Nunchaku":23,"DollysMirror":13,"Gambling Chip":0,"Pantograph":29,"Pandora\u0027s Box":10,"Molten Egg 2":18,"Kunai":14,"Toy Ornithopter":4,"Ring of the Snake":0},{"Mango":23,"The Courier":96,"Incense Burner":65,"Frozen Egg 2":60,"Mercury Hourglass":20,"Blood Vial":33,"Runic Dome":83,"Tough Bandages":31,"Nunchaku":102,"DollysMirror":54,"Gambling Chip":0,"Pantograph":162,"Pandora\u0027s Box":44,"Molten Egg 2":73,"Kunai":57,"Toy Ornithopter":14,"Ring of the Snake":0}],"Toy Ornithopter":32,"Ring of the Snake":[62]},"card_choices":[{"not_picked":["Outmaneuver","Blade Dance"],"picked":"Dagger Throw","floor":1},{"not_picked":["Calculated Gamble","PiercingWail"],"picked":"Reflex","floor":4},{"not_picked":["Catalyst","Heel Hook"],"picked":"Endless Agony","floor":5},{"not_picked":["Slice","Sucker Punch"],"picked":"Acrobatics","floor":6},{"not_picked":["PiercingWail","Deflect"],"picked":"Flechettes","floor":7},{"not_picked":["Dagger Spray","Flying Knee"],"picked":"Well Laid Plans","floor":10},{"not_picked":["Infinite Blades","Dagger Spray"],"picked":"Corpse Explosion","floor":11},{"not_picked":["Dagger Spray","Dodge and Roll"],"picked":"Prepared","floor":12},{"not_picked":["Accuracy","Escape Plan"],"picked":"Malaise","floor":14},{"not_picked":["Storm of Steel","Corpse Explosion"],"picked":"Grand Finale","floor":16},{"not_picked":["Underhanded Strike","Dagger Throw"],"picked":"Outmaneuver+1","floor":18},{"not_picked":["Finisher+1","Dagger Spray","Dodge and Roll"],"picked":"SKIP","floor":19},{"not_picked":["Blade Dance","Dagger Throw","Underhanded Strike"],"picked":"SKIP","floor":20},{"not_picked":["Endless Agony","Die Die Die"],"picked":"Deflect","floor":23},{"not_picked":["Dagger Throw","Skewer","Eviscerate"],"picked":"SKIP","floor":25},{"not_picked":["Footwork+1","Dagger Spray"],"picked":"Blur","floor":27},{"not_picked":["Dodge and Roll","Dash","Quick Slash"],"picked":"SKIP","floor":28},{"not_picked":["Caltrops+1","Backflip"],"picked":"Calculated Gamble","floor":30},{"not_picked":["Night Terror","Grand Finale+1"],"picked":"Adrenaline","floor":33},{"not_picked":["Expertise","Noxious Fumes+1","Deadly Poison"],"picked":"SKIP","floor":35},{"not_picked":["Sucker Punch+1","Dodge and Roll"],"picked":"Acrobatics","floor":37},{"not_picked":["Bouncing Flask","Quick Slash+1","PiercingWail"],"picked":"SKIP","floor":40},{"not_picked":["Choke+1","Terror+1","Poisoned Stab+1"],"picked":"SKIP","floor":42},{"not_picked":["Backstab+1","Infinite Blades+1"],"picked":"Calculated Gamble","floor":44},{"not_picked":["Slice+1","PiercingWail","Accuracy+1"],"picked":"SKIP","floor":45},{"not_picked":["Deflect","Outmaneuver"],"picked":"Malaise","floor":48},{"not_picked":["Flying Knee+1","Crippling Poison","Cloak And Dagger"],"picked":"SKIP","floor":55}],"player_experience":6036758,"relics_obtained":[{"floor":6,"key":"Toy Ornithopter"},{"floor":9,"key":"Mercury Hourglass"},{"floor":10,"key":"Mango"},{"floor":12,"key":"Tough Bandages"},{"floor":14,"key":"Blood Vial"},{"floor":23,"key":"Kunai"},{"floor":26,"key":"Frozen Egg 2"},{"floor":27,"key":"Incense Burner"},{"floor":30,"key":"Molten Egg 2"},{"floor":40,"key":"The Courier"},{"floor":43,"key":"Nunchaku"},{"floor":55,"key":"Pantograph"}],"event_choices":[{"damage_healed":0,"gold_gain":275,"player_choice":"Desecrate","damage_taken":0,"max_hp_gain":0,"max_hp_loss":0,"event_name":"Golden Shrine","floor":2,"gold_loss":0,"cards_obtained":["Regret"]},{"damage_healed":0,"gold_gain":0,"player_choice":"Shed Blood","damage_taken":28,"max_hp_gain":5,"max_hp_loss":0,"event_name":"Forgotten Altar","floor":22,"gold_loss":0},{"cards_removed":["Flechettes"],"damage_healed":0,"gold_gain":0,"player_choice":"Removed Attack","damage_taken":0,"max_hp_gain":0,"max_hp_loss":0,"event_name":"Falling","floor":36,"gold_loss":0},{"cards_removed":["Corpse Explosion"],"damage_healed":1,"gold_gain":0,"player_choice":"Offered Rare","damage_taken":0,"max_hp_gain":10,"max_hp_loss":0,"event_name":"Bonfire Elementals","floor":38,"gold_loss":0}],"is_beta":false,"boss_relics":[{"not_picked":["Philosopher\u0027s Stone","Sozu"],"picked":"Pandora\u0027s Box"},{"not_picked":["SacredBark","Tiny House"],"picked":"Runic Dome"}],"items_purged_floors":[3,21,31,39,54],"is_endless":false,"potions_floor_spawned":[6,7,11,14,16,19,20,23,25,33,40,42,44,45],"ascension_level":20}