{"gold_per_floor":[117,133,145,158,173,173,173,198,252,277,277,277,297,310,310,310],"floor_reached":16,"playtime":1901,"items_purged":[],"score":228,"play_id":"6f0d26bb-bd6b-4cc5-a1b9-e40dd18623b5","local_time":"20220119125127","is_ascension_mode":true,"campfire_choices":[{"data":"Dagger Spray","floor":6,"key":"SMITH"},{"floor":12,"key":"REST"},{"data":"Dramatic Entrance","floor":15,"key":"SMITH"}],"neow_cost":"NONE","seed_source_timestamp":39945143840000,"circlet_count":0,"master_deck":["AscendersBane","Strike_G","Strike_G","Strike_G","Strike_G","Strike_G","Defend_G","Defend_G+1","Defend_G","Defend_G","Survivor+1","Neutralize","Dramatic Entrance+1","Terror","Flying Knee","Dagger Spray+1","Predator","Masterful Stab","Deadly Poison","Well Laid Plans"],"relics":["Ring of the Snake","Du-Vu Doll","War Paint","HornCleat"],"potions_floor_usage":[8,10,16],"damage_taken":[{"damage":2,"enemies":"Jaw Worm","floor":1,"turns":4},{"damage":0,"enemies":"Small Slimes","floor":2,"turns":4},{"damage":0,"enemies":"Cultist","floor":3,"turns":3},{"damage":7,"enemies":"Gremlin Gang","floor":4,"turns":3},{"damage":15,"enemies":"Exordium Thugs","floor":5,"turns":5},{"damage":25,"enemies":"Lagavulin","floor":8,"turns":6},{"damage":7,"enemies":"Gremlin Nob","floor":10,"turns":3},{"damage":0,"enemies":"3 Louse","floor":13,"turns":2},{"damage":3,"enemies":"Looter","floor":14,"turns":2},{"damage":20,"enemies":"Slime Boss","floor":16,"turns":4}],"seed_played":"8577965075986866735","potions_obtained":[{"floor":2,"key":"PowerPotion"},{"floor":8,"key":"EssenceOfSteel"},{"floor":13,"key":"FearPotion"}],"is_trial":false,"path_per_floor":["M","M","M","M","M","R","?","E","T","E","?","R","M","M","R","B"],"character_chosen":"THE_SILENT","items_purchased":[],"campfire_rested":1,"item_purchase_floors":[],"current_hp_per_floor":[57,57,57,50,35,35,35,10,10,3,3,22,22,19,19,0],"gold":310,"neow_bonus":"RANDOM_COLORLESS","is_prod":false,"is_daily":false,"chose_seed":false,"campfire_upgraded":2,"win_rate":0,"timestamp":1642614687,"path_taken":["M","M","M","M","M","R","?","E","T","E","?","R","?","M","R","BOSS"],"build_version":"2020-12-22","purchased_purges":0,"victory":false,"max_hp_per_floor":[66,66,66,66,66,66,66,66,66,66,66,66,66,66,66,66],"relic_stats":{"counters":[10,36],"War Paint":["Defend_G","Survivor"],"obtain_stats":[{"Du-Vu Doll":8,"HornCleat":10,"War Paint":9,"Ring of the Snake":0},{"Du-Vu Doll":6,"HornCleat":7,"War Paint":6,"Ring of the Snake":0},{"Du-Vu Doll":25,"HornCleat":28,"War Paint":25,"Ring of the Snake":0}],"Ring of the Snake":[20]},"card_choices":[{"not_picked":["Blind","Dark Shackles"],"picked":"Dramatic Entrance","floor":0},{"not_picked":["Acrobatics","Crippling Poison"],"picked":"Terror","floor":1},{"not_picked":["PiercingWail","Poisoned Stab"],"picked":"Flying Knee","floor":2},{"not_picked":["Backstab","Prepared"],"picked":"Dagger Spray","floor":3},{"not_picked":["Cloak And Dagger","Deflect","Acrobatics"],"picked":"SKIP","floor":4},{"not_picked":["Setup","Dodge and Roll","Caltrops"],"picked":"SKIP","floor":5},{"not_picked":["Setup","Bane"],"picked":"Predator","floor":8},{"not_picked":["Backflip","Concentrate"],"picked":"Masterful Stab","floor":10},{"not_picked":["Crippling Poison","Deflect","Outmaneuver"],"picked":"SKIP","floor":13},{"not_picked":["PiercingWail","Riddle With Holes"],"picked":"Well Laid Plans","floor":14}],"player_experience":5983407,"relics_obtained":[{"floor":8,"key":"Du-Vu Doll"},{"floor":9,"key":"War Paint"},{"floor":10,"key":"HornCleat"}],"event_choices":[{"damage_healed":0,"gold_gain":0,"player_choice":"Searched \u00270\u0027 times","damage_taken":0,"max_hp_gain":0,"max_hp_loss":0,"event_name":"Dead Adventurer","floor":7,"gold_loss":0},{"damage_healed":0,"gold_gain":0,"cards_transformed":["Defend_G"],"player_choice":"Transformed","damage_taken":0,"max_hp_gain":0,"max_hp_loss":0,"event_name":"Transmorgrifier","floor":11,"gold_loss":0,"cards_obtained":["Deadly Poison"]}],"is_beta":false,"boss_relics":[],"items_purged_floors":[],"is_endless":false,"potions_floor_spawned":[2,8,13],"killed_by":"Slime Boss","ascension_level":20}