{"gold_per_floor":[111,127,144,144,158,158,190,190,215,231,231,247,282,296,296,371,371,390,390,52,67,83,83,109,122,122,155,174,174,201,219,219,292,292,310,310,326,156,176,176,176,187,187,201,201,218,243,243,243,243,243,243,243,57,84,84],"floor_reached":56,"playtime":5658,"items_purged":["Defend_G","Riddle With Holes"],"score":2116,"play_id":"c8b143a3-191f-4bc2-b131-21e590dc981f","local_time":"20220113182411","is_ascension_mode":true,"campfire_choices":[{"data":"Blade Dance","floor":6,"key":"SMITH"},{"data":"Cloak And Dagger","floor":8,"key":"SMITH"},{"data":"Finisher","floor":11,"key":"SMITH"},{"data":"Accuracy","floor":15,"key":"SMITH"},{"data":"Glass Knife","floor":23,"key":"SMITH"},{"data":"Terror","floor":29,"key":"SMITH"},{"data":"Well Laid Plans","floor":32,"key":"SMITH"},{"data":"Calculated Gamble","floor":41,"key":"SMITH"},{"floor":45,"key":"RECALL"},{"data":"Footwork","floor":49,"key":"SMITH"},{"floor":53,"key":"REST"}],"neow_cost":"PERCENT_DAMAGE","seed_source_timestamp":452135148626100,"circlet_count":0,"master_deck":["AscendersBane","Defend_G","Defend_G","Defend_G","Defend_G","Survivor","Neutralize","Finisher+1","Footwork+1","Dagger Spray+1","Blade Dance+1","Cloak And Dagger+1","Well Laid Plans+1","After Image","Accuracy+1","Leg Sweep","Glass Knife+1","CurseOfTheBell","Terror+1","Dagger Throw+1","Caltrops+1","Adrenaline","Reflex+1","Deflect+1","Good Instincts","Parasite","Calculated Gamble+1","Blur+1","Dodge and Roll+1","Escape Plan"],"relics":["Ring of the Snake","Anchor","Blood Vial","Regal Pillow","Calling Bell","Akabeko","Frozen Egg 2","Incense Burner","Du-Vu Doll","Darkstone Periapt","Pantograph","Peace Pipe","Astrolabe","Bottled Flame","Shuriken","Happy Flower"],"potions_floor_usage":[7,7,16,24,30,31,33,35,40,50,55,56,56],"damage_taken":[{"damage":0,"enemies":"Cultist","floor":1,"turns":4},{"damage":0,"enemies":"2 Louse","floor":2,"turns":3},{"damage":0,"enemies":"Small Slimes","floor":3,"turns":2},{"damage":7,"enemies":"Red Slaver","floor":5,"turns":4},{"damage":0,"enemies":"Gremlin Nob","floor":7,"turns":2},{"damage":0,"enemies":"2 Fungi Beasts","floor":10,"turns":2},{"damage":0,"enemies":"Looter","floor":12,"turns":3},{"damage":6,"enemies":"Lagavulin","floor":13,"turns":6},{"damage":0,"enemies":"Blue Slaver","floor":14,"turns":4},{"damage":0,"enemies":"The Guardian","floor":16,"turns":9},{"damage":0,"enemies":"Spheric Guardian","floor":18,"turns":1},{"damage":0,"enemies":"Chosen","floor":21,"turns":2},{"damage":0,"enemies":"Snake Plant","floor":22,"turns":2},{"damage":0,"enemies":"Gremlin Leader","floor":24,"turns":6},{"damage":10,"enemies":"Cultist and Chosen","floor":25,"turns":5},{"damage":7,"enemies":"Slavers","floor":27,"turns":5},{"damage":0,"enemies":"Centurion and Healer","floor":28,"turns":5},{"damage":6,"enemies":"Book of Stabbing","floor":30,"turns":5},{"damage":12,"enemies":"Snake Plant","floor":31,"turns":3},{"damage":7,"enemies":"Champ","floor":33,"turns":9},{"damage":21,"enemies":"3 Darklings","floor":35,"turns":3},{"damage":0,"enemies":"3 Shapes","floor":37,"turns":12},{"damage":0,"enemies":"Writhing Mass","floor":39,"turns":4},{"damage":8,"enemies":"Reptomancer","floor":40,"turns":2},{"damage":0,"enemies":"Transient","floor":42,"turns":6},{"damage":0,"enemies":"3 Darklings","floor":44,"turns":2},{"damage":0,"enemies":"Spire Growth","floor":46,"turns":2},{"damage":23,"enemies":"Giant Head","floor":47,"turns":8},{"damage":48,"enemies":"Time Eater","floor":50,"turns":15},{"damage":54,"enemies":"Donu and Deca","floor":51,"turns":15},{"damage":65,"enemies":"Shield and Spear","floor":55,"turns":8},{"damage":73,"enemies":"The Heart","floor":56,"turns":9}],"seed_played":"-3508884076735775195","potions_obtained":[{"floor":1,"key":"ColorlessPotion"},{"floor":2,"key":"ColorlessPotion"},{"floor":13,"key":"SpeedPotion"},{"floor":14,"key":"Energy Potion"},{"floor":18,"key":"GhostInAJar"},{"floor":25,"key":"SpeedPotion"},{"floor":30,"key":"Block Potion"},{"floor":31,"key":"Fruit Juice"},{"floor":33,"key":"DistilledChaos"},{"floor":35,"key":"SmokeBomb"},{"floor":42,"key":"Weak Potion"},{"floor":55,"key":"GhostInAJar"}],"is_trial":false,"path_per_floor":["M","M","M","?","M","R","E","R","T","M","R","M","E","M","R","B",null,"M","?","$","M","M","R","E","M","T","E","M","R","E","M","R","B",null,"M","?","M","$","M","E","R","M","T","M","R","M","E","?","R","B","B",null,"R","$","E","B"],"character_chosen":"THE_SILENT","items_purchased":["Du-Vu Doll","Good Instincts","DuplicationPotion"],"campfire_rested":1,"item_purchase_floors":[20,38,54],"current_hp_per_floor":[44,44,44,44,37,37,37,37,37,39,39,41,37,39,39,41,60,62,58,58,60,62,62,64,56,56,51,53,53,49,39,39,64,69,50,71,71,71,77,69,69,71,71,73,73,75,54,54,54,29,2,58,77,77,12,0],"gold":84,"neow_bonus":"TRANSFORM_TWO_CARDS","is_prod":false,"is_daily":false,"chose_seed":false,"campfire_upgraded":9,"win_rate":0,"timestamp":1642116251,"path_taken":["M","M","?","?","M","R","E","R","T","M","R","M","E","?","R","BOSS","M","?","$","?","M","R","E","M","T","E","M","R","E","M","R","BOSS","M","?","?","$","M","E","R","M","T","M","R","M","E","?","R","BOSS","BOSS","R","$","E","BOSS"],"build_version":"2020-12-22","purchased_purges":2,"victory":false,"max_hp_per_floor":[66,66,66,66,66,66,66,66,66,66,66,66,66,66,66,66,66,66,66,66,66,66,66,66,66,66,66,66,66,66,66,66,71,71,71,71,71,71,77,77,77,77,77,77,77,77,77,77,77,77,77,77,77,77,77,77],"relic_stats":{"Blood Vial":44,"Darkstone Periapt":6,"Peace Pipe":0,"Regal Pillow":0,"Bottled Flame":"Dagger Spray","Happy Flower":[3],"counters":[32,168],"Shuriken":[23],"Pantograph":98,"Astrolabe":["Reflex","Deflect","Noxious Fumes"],"obtain_stats":[{"Darkstone Periapt":24,"Regal Pillow":13,"Happy Flower":55,"Astrolabe":34,"Incense Burner":17,"Frozen Egg 2":17,"Akabeko":17,"Blood Vial":9,"Calling Bell":17,"Du-Vu Doll":20,"Peace Pipe":30,"Anchor":7,"Bottled Flame":43,"Shuriken":47,"Pantograph":27,"Ring of the Snake":0},{"Darkstone Periapt":14,"Regal Pillow":8,"Happy Flower":31,"Astrolabe":20,"Incense Burner":10,"Frozen Egg 2":10,"Akabeko":10,"Blood Vial":5,"Calling Bell":10,"Du-Vu Doll":11,"Peace Pipe":18,"Anchor":5,"Bottled Flame":25,"Shuriken":28,"Pantograph":16,"Ring of the Snake":0},{"Darkstone Periapt":50,"Regal Pillow":26,"Happy Flower":159,"Astrolabe":82,"Incense Burner":39,"Frozen Egg 2":39,"Akabeko":39,"Blood Vial":15,"Calling Bell":39,"Du-Vu Doll":40,"Peace Pipe":70,"Anchor":15,"Bottled Flame":109,"Shuriken":121,"Pantograph":60,"Ring of the Snake":0}],"Ring of the Snake":[64]},"card_choices":[{"not_picked":["Accuracy","Well Laid Plans"],"picked":"Footwork","floor":1},{"not_picked":["Bane","Heel Hook"],"picked":"Dagger Spray","floor":2},{"not_picked":["Cloak And Dagger","Slice"],"picked":"Blade Dance","floor":3},{"not_picked":["Backstab","Backflip"],"picked":"Cloak And Dagger","floor":5},{"not_picked":["Heel Hook","Deflect"],"picked":"Well Laid Plans","floor":7},{"not_picked":["Underhanded Strike","Choke"],"picked":"After Image","floor":10},{"not_picked":["Skewer","Dagger Spray"],"picked":"Accuracy","floor":12},{"not_picked":["Quick Slash","Endless Agony"],"picked":"Leg Sweep","floor":13},{"not_picked":["Noxious Fumes","Slice","Riddle With Holes"],"picked":"SKIP","floor":14},{"not_picked":["Unload","Doppelganger"],"picked":"Glass Knife","floor":16},{"not_picked":["Infinite Blades+1","Reflex","Backflip"],"picked":"SKIP","floor":18},{"not_picked":["Infinite Blades+1","Reflex","Backflip"],"picked":"SKIP","floor":18},{"not_picked":["Leg Sweep","Setup+1","Prepared"],"picked":"SKIP","floor":21},{"not_picked":["Flying Knee","Dagger Throw","Deadly Poison"],"picked":"SKIP","floor":22},{"not_picked":["Flying Knee","Dagger Throw","Deadly Poison"],"picked":"SKIP","floor":22},{"not_picked":["Bane","Acrobatics"],"picked":"Terror","floor":24},{"not_picked":["Dash","Quick Slash+1"],"picked":"Dagger Throw+1","floor":25},{"not_picked":["A Thousand Cuts+1","Deflect"],"picked":"Caltrops+1","floor":27},{"not_picked":["Setup","Choke","Predator"],"picked":"SKIP","floor":28},{"not_picked":["Bane+1","Noxious Fumes+1","Poisoned Stab"],"picked":"SKIP","floor":30},{"not_picked":["Concentrate","Flechettes","Dagger Spray"],"picked":"SKIP","floor":31},{"not_picked":["Phantasmal Killer","Die Die Die"],"picked":"Adrenaline","floor":33},{"not_picked":["Blur","Backflip","Outmaneuver"],"picked":"SKIP","floor":35},{"not_picked":["Dagger Throw","Deadly Poison","Expertise"],"picked":"SKIP","floor":37},{"not_picked":["Crippling Poison","Dash"],"picked":"Calculated Gamble","floor":39},{"not_picked":["Outmaneuver","Catalyst+1"],"picked":"Blur+1","floor":42},{"not_picked":["Sucker Punch","Deadly Poison+1","Eviscerate"],"picked":"SKIP","floor":44},{"not_picked":["Quick Slash","Concentrate"],"picked":"Dodge and Roll+1","floor":46},{"not_picked":["Outmaneuver","Backstab","A Thousand Cuts+1"],"picked":"SKIP","floor":47},{"not_picked":["Masterful Stab","Flying Knee+1"],"picked":"Escape Plan","floor":55}],"player_experience":5933173,"relics_obtained":[{"floor":7,"key":"Anchor"},{"floor":9,"key":"Blood Vial"},{"floor":13,"key":"Regal Pillow"},{"floor":17,"key":"Akabeko"},{"floor":17,"key":"Frozen Egg 2"},{"floor":17,"key":"Incense Burner"},{"floor":24,"key":"Darkstone Periapt"},{"floor":27,"key":"Pantograph"},{"floor":30,"key":"Peace Pipe"},{"floor":43,"key":"Bottled Flame"},{"floor":47,"key":"Shuriken"},{"floor":55,"key":"Happy Flower"}],"event_choices":[{"damage_healed":0,"gold_gain":0,"player_choice":"Forge","damage_taken":0,"max_hp_gain":0,"max_hp_loss":0,"event_name":"Accursed Blacksmith","floor":4,"gold_loss":0,"cards_upgraded":["Dagger Spray"]},{"damage_healed":0,"gold_gain":0,"player_choice":"Bought 0 Potions","damage_taken":0,"max_hp_gain":0,"max_hp_loss":0,"event_name":"The Woman in Blue","floor":19,"gold_loss":0},{"cards_removed":["Noxious Fumes"],"damage_healed":21,"gold_gain":0,"player_choice":"Offered Uncommon","damage_taken":0,"max_hp_gain":0,"max_hp_loss":0,"event_name":"Bonfire Elementals","floor":36,"gold_loss":0},{"damage_healed":0,"gold_gain":0,"player_choice":"Ignored","damage_taken":0,"max_hp_gain":0,"max_hp_loss":0,"event_name":"Tomb of Lord Red Mask","floor":48,"gold_loss":0}],"is_beta":false,"boss_relics":[{"not_picked":["Tiny House","Ring of the Serpent"],"picked":"Calling Bell"},{"not_picked":["HoveringKite","SacredBark"],"picked":"Astrolabe"}],"items_purged_floors":[38,54],"is_endless":false,"potions_floor_spawned":[1,2,13,14,18,25,30,31,33,35,42,44,55],"killed_by":"The Heart","ascension_level":20}