{"gold_per_floor":[366,49,65,77,92,117,127,127,127,127,142,175,238,268,268,343,343,354,371,193,209,222,222,251,23,23,23,23,35,63,77,77,151,151,161,174,174,174,188,188,215,44,44,44,44,62,75,92,92,92,92,92,92,4,32,32],"floor_reached":57,"playtime":5144,"items_purged":["Doubt","Strike_G","Strike_G","Strike_G","Strike_G"],"score":3167,"play_id":"24c182d8-a05a-4c81-ab70-2efa579ff6a3","local_time":"20220127191051","is_ascension_mode":true,"campfire_choices":[{"data":"Calculated Gamble","floor":8,"key":"SMITH"},{"data":"Eviscerate","floor":10,"key":"SMITH"},{"data":"Acrobatics","floor":15,"key":"SMITH"},{"data":"Reflex","floor":27,"key":"SMITH"},{"data":"Reflex","floor":32,"key":"SMITH"},{"floor":40,"key":"RECALL"},{"floor":49,"key":"REST"},{"floor":53,"key":"REST"}],"neow_cost":"CURSE","seed_source_timestamp":750626693359100,"circlet_count":0,"master_deck":["AscendersBane","Defend_G","Defend_G","Defend_G","Defend_G","Defend_G","Survivor","Neutralize","Dagger Throw","Adrenaline","Eviscerate+1","Backflip","Leg Sweep","Calculated Gamble+1","Terror","Endless Agony","Dagger Throw","Eviscerate","Reflex+1","After Image","Acrobatics+1","Malaise","Prepared+1","Calculated Gamble","Footwork+1","Reflex+1","Well Laid Plans","Tactician","Secret Technique","Secret Technique","Night Terror","Backflip","Acrobatics+1"],"relics":["Ring of the Snake","Orrery","Gambling Chip","Paper Crane","Art of War","Shuriken","Tiny Chest","HoveringKite","Omamori","Membership Card","Singing Bowl","Orichalcum","Calipers","Fusion Hammer","Darkstone Periapt","Chemical X","Strawberry","InkBottle"],"potions_floor_usage":[6,55,56],"damage_taken":[{"damage":6,"enemies":"Small Slimes","floor":1,"turns":5},{"damage":0,"enemies":"2 Louse","floor":3,"turns":5},{"damage":0,"enemies":"Jaw Worm","floor":4,"turns":3},{"damage":0,"enemies":"Large Slime","floor":5,"turns":5},{"damage":3,"enemies":"Lagavulin","floor":6,"turns":6},{"damage":0,"enemies":"Exordium Wildlife","floor":7,"turns":2},{"damage":0,"enemies":"3 Louse","floor":11,"turns":2},{"damage":0,"enemies":"3 Sentries","floor":12,"turns":5},{"damage":0,"enemies":"3 Sentries","floor":13,"turns":3},{"damage":0,"enemies":"Lagavulin","floor":14,"turns":2},{"damage":0,"enemies":"The Guardian","floor":16,"turns":7},{"damage":0,"enemies":"Chosen","floor":18,"turns":2},{"damage":0,"enemies":"Shell Parasite","floor":19,"turns":2},{"damage":0,"enemies":"3 Cultists","floor":21,"turns":3},{"damage":0,"enemies":"Centurion and Healer","floor":22,"turns":4},{"damage":0,"enemies":"Slavers","floor":24,"turns":2},{"damage":0,"enemies":"Cultist and Chosen","floor":29,"turns":3},{"damage":0,"enemies":"Gremlin Leader","floor":30,"turns":5},{"damage":0,"enemies":"Snecko","floor":31,"turns":2},{"damage":0,"enemies":"Collector","floor":33,"turns":4},{"damage":0,"enemies":"3 Shapes","floor":35,"turns":3},{"damage":0,"enemies":"3 Darklings","floor":36,"turns":5},{"damage":0,"enemies":"Sphere and 2 Shapes","floor":39,"turns":2},{"damage":0,"enemies":"Reptomancer","floor":41,"turns":2},{"damage":0,"enemies":"Jaw Worm Horde","floor":46,"turns":1},{"damage":0,"enemies":"Writhing Mass","floor":47,"turns":6},{"damage":0,"enemies":"4 Shapes","floor":48,"turns":5},{"damage":10,"enemies":"Time Eater","floor":50,"turns":10},{"damage":5,"enemies":"Donu and Deca","floor":51,"turns":6},{"damage":0,"enemies":"Shield and Spear","floor":55,"turns":6},{"damage":38,"enemies":"The Heart","floor":56,"turns":7}],"seed_played":"-5579193299243064232","potions_obtained":[{"floor":5,"key":"Block Potion"},{"floor":6,"key":"Dexterity Potion"},{"floor":11,"key":"DistilledChaos"},{"floor":19,"key":"GamblersBrew"},{"floor":30,"key":"DuplicationPotion"}],"is_trial":false,"path_per_floor":["M","$","M","M","M","E","M","R","T","R","M","E","?","E","R","B",null,"M","M","$","M","M","?","E","$","T","R","?","M","E","M","R","B",null,"M","M","?","T","M","R","E","$","T","?","$","M","M","M","R","B","B",null,"R","$","E","B",null],"character_chosen":"THE_SILENT","items_purchased":["Orrery","Terror","Calculated Gamble","Membership Card","Chemical X","Backflip"],"campfire_rested":2,"item_purchase_floors":[2,2,20,25,42,42],"current_hp_per_floor":[53,53,53,53,53,50,50,50,50,50,50,50,50,50,50,50,62,62,62,62,62,62,62,62,62,62,62,62,64,66,68,68,70,73,75,75,67,67,69,69,69,69,76,76,76,78,78,80,91,81,76,87,91,91,93,55],"gold":32,"neow_bonus":"TWO_FIFTY_GOLD","is_prod":false,"is_daily":false,"chose_seed":false,"campfire_upgraded":5,"win_rate":0,"timestamp":1643328651,"path_taken":["M","$","M","M","M","E","M","R","T","R","M","E","?","E","R","BOSS","M","M","$","M","M","?","E","$","T","R","?","M","E","M","R","BOSS","M","M","?","?","M","R","E","$","T","?","?","M","?","M","R","BOSS","BOSS","R","$","E","BOSS"],"build_version":"2020-12-22","purchased_purges":5,"victory":true,"max_hp_per_floor":[66,66,66,66,66,66,66,66,66,66,66,66,66,66,66,66,66,66,66,66,66,66,66,66,66,66,66,66,68,70,72,72,74,74,76,76,78,78,80,80,80,80,87,87,87,89,89,91,91,91,91,91,91,91,93,93],"relic_stats":{"Darkstone Periapt":0,"Calipers":[327],"Singing Bowl":20,"counters":[31,125],"HoveringKite":[70],"Omamori":1,"Orichalcum":[30],"Shuriken":[78],"Gambling Chip":[142],"Tiny Chest":1,"Art of War":[13],"Membership Card":320,"Chemical X":[7],"obtain_stats":[{"Darkstone Periapt":41,"Calipers":30,"Singing Bowl":26,"HoveringKite":17,"Omamori":24,"Paper Crane":9,"Orichalcum":28,"Shuriken":13,"Gambling Chip":6,"Strawberry":43,"Orrery":2,"Tiny Chest":14,"Fusion Hammer":34,"Art of War":12,"Membership Card":25,"Chemical X":42,"InkBottle":55,"Ring of the Snake":0},{"Darkstone Periapt":24,"Calipers":18,"Singing Bowl":16,"HoveringKite":11,"Omamori":16,"Paper Crane":6,"Orichalcum":16,"Shuriken":9,"Gambling Chip":5,"Strawberry":24,"Orrery":1,"Tiny Chest":10,"Fusion Hammer":20,"Art of War":8,"Membership Card":16,"Chemical X":24,"InkBottle":30,"Ring of the Snake":0},{"Darkstone Periapt":84,"Calipers":66,"Singing Bowl":58,"HoveringKite":45,"Omamori":58,"Paper Crane":26,"Orichalcum":58,"Shuriken":36,"Gambling Chip":24,"Strawberry":84,"Orrery":5,"Tiny Chest":38,"Fusion Hammer":72,"Art of War":33,"Membership Card":58,"Chemical X":84,"InkBottle":118,"Ring of the Snake":0}],"InkBottle":[7],"Ring of the Snake":[63]},"card_choices":[{"not_picked":["PiercingWail","Quick Slash"],"picked":"Dagger Throw","floor":1},{"not_picked":["Bane","Bullet Time"],"picked":"Adrenaline","floor":2},{"not_picked":["Bane","Dagger Spray"],"picked":"Eviscerate","floor":2},{"not_picked":["Poisoned Stab","Blade Dance"],"picked":"Backflip","floor":2},{"not_picked":["Accuracy","Poisoned Stab"],"picked":"Leg Sweep","floor":2},{"not_picked":["Expertise","Riddle With Holes"],"picked":"Calculated Gamble","floor":2},{"not_picked":["Blade Dance","Backflip"],"picked":"Endless Agony","floor":3},{"not_picked":["Deadly Poison","Dodge and Roll","Slice"],"picked":"SKIP","floor":4},{"not_picked":["Slice","Leg Sweep"],"picked":"Dagger Throw","floor":5},{"not_picked":["Deadly Poison","Blur","Dodge and Roll"],"picked":"SKIP","floor":6},{"not_picked":["Outmaneuver","Poisoned Stab"],"picked":"Eviscerate","floor":7},{"not_picked":["Leg Sweep","Underhanded Strike"],"picked":"Reflex","floor":11},{"not_picked":["Quick Slash","Underhanded Strike"],"picked":"After Image","floor":12},{"not_picked":["Escape Plan","Catalyst"],"picked":"Acrobatics","floor":13},{"not_picked":["Setup","Sucker Punch","Bouncing Flask"],"picked":"SKIP","floor":14},{"not_picked":["Setup","Sucker Punch","Bouncing Flask"],"picked":"SKIP","floor":14},{"not_picked":["Burst","Storm of Steel"],"picked":"Malaise","floor":16},{"not_picked":["Poisoned Stab","Bane+1","Underhanded Strike"],"picked":"SKIP","floor":18},{"not_picked":["Quick Slash","Heel Hook"],"picked":"Prepared+1","floor":19},{"not_picked":["Blur","Slice"],"picked":"Footwork+1","floor":21},{"not_picked":["A Thousand Cuts","Bane","Terror"],"picked":"SKIP","floor":22},{"not_picked":["Concentrate","PiercingWail"],"picked":"Well Laid Plans","floor":24},{"not_picked":["Flechettes","Poisoned Stab","Bane"],"picked":"Singing Bowl","floor":29},{"not_picked":["Burst","Eviscerate","Blade Dance"],"picked":"Singing Bowl","floor":30},{"not_picked":["Deadly Poison","Quick Slash","Underhanded Strike"],"picked":"Singing Bowl","floor":31},{"not_picked":["Envenom","Burst","Malaise"],"picked":"Singing Bowl","floor":33},{"not_picked":["Eviscerate+1","Deadly Poison","Flechettes"],"picked":"Singing Bowl","floor":35},{"not_picked":["Dagger Spray","Finisher"],"picked":"Tactician","floor":36},{"not_picked":["PanicButton","Dramatic Entrance"],"picked":"Secret Technique","floor":37},{"not_picked":["Trip","Blind","Good Instincts"],"picked":"Singing Bowl","floor":37},{"not_picked":["Flash of Steel","Mind Blast"],"picked":"Secret Technique","floor":37},{"not_picked":["Quick Slash","Cloak And Dagger","Flying Knee"],"picked":"Singing Bowl","floor":39},{"not_picked":["Backflip","Terror"],"picked":"Night Terror","floor":41},{"not_picked":["Underhanded Strike","Blade Dance+1","Quick Slash"],"picked":"Singing Bowl","floor":46},{"not_picked":["Leg Sweep+1","Dagger Spray"],"picked":"Acrobatics+1","floor":47},{"not_picked":["Bane+1","Prepared","Dagger Spray"],"picked":"Singing Bowl","floor":48},{"not_picked":["Backflip","Catalyst+1","Finisher"],"picked":"Singing Bowl","floor":55}],"player_experience":6066016,"relics_obtained":[{"floor":6,"key":"Gambling Chip"},{"floor":9,"key":"Paper Crane"},{"floor":12,"key":"Art of War"},{"floor":13,"key":"Shuriken"},{"floor":14,"key":"Tiny Chest"},{"floor":24,"key":"Omamori"},{"floor":26,"key":"Singing Bowl"},{"floor":30,"key":"Calipers"},{"floor":41,"key":"Darkstone Periapt"},{"floor":43,"key":"Strawberry"},{"floor":55,"key":"InkBottle"}],"event_choices":[{"damage_healed":0,"gold_gain":0,"player_choice":"Searched \u00271\u0027 times","damage_taken":0,"max_hp_gain":0,"max_hp_loss":0,"event_name":"Dead Adventurer","floor":13,"gold_loss":0},{"damage_healed":0,"gold_gain":0,"player_choice":"Read","damage_taken":0,"max_hp_gain":0,"max_hp_loss":0,"event_name":"The Library","floor":23,"gold_loss":0,"cards_obtained":["Reflex"]},{"damage_healed":0,"gold_gain":0,"player_choice":"Stole Relic","damage_taken":0,"relics_obtained":["Orichalcum"],"max_hp_gain":0,"max_hp_loss":0,"event_name":"Addict","floor":28,"gold_loss":0,"cards_obtained":["Shame"]},{"damage_healed":0,"gold_gain":0,"player_choice":"Memory 3","damage_taken":10,"max_hp_gain":0,"max_hp_loss":0,"event_name":"SensoryStone","floor":37,"gold_loss":0},{"cards_removed":["Strike_G"],"damage_healed":0,"gold_gain":0,"player_choice":"Removed Attack","damage_taken":0,"max_hp_gain":0,"max_hp_loss":0,"event_name":"Falling","floor":44,"gold_loss":0}],"is_beta":false,"boss_relics":[{"not_picked":["Tiny House","SlaversCollar"],"picked":"HoveringKite"},{"not_picked":["Snecko Eye","Astrolabe"],"picked":"Fusion Hammer"}],"items_purged_floors":[2,20,25,42,54],"is_endless":false,"potions_floor_spawned":[5,6,11,12,16,19,24,30,33,36,41],"ascension_level":20}