{"gold_per_floor":[210,64,64,81,98,98,126,126,126,126],"floor_reached":10,"playtime":1389,"items_purged":[],"score":132,"play_id":"80670be1-356c-44b3-8d07-552b04d502f1","local_time":"20220202124110","is_ascension_mode":true,"campfire_choices":[{"data":"Bane","floor":6,"key":"SMITH"},{"data":"Deadly Poison","floor":8,"key":"SMITH"}],"neow_cost":"NONE","seed_source_timestamp":1249410596088600,"circlet_count":0,"master_deck":["AscendersBane","Strike_G","Strike_G","Strike_G","Strike_G","Strike_G","Defend_G","Defend_G","Defend_G","Defend_G","Defend_G","Survivor","Neutralize","Deadly Poison+1","Trip","Bane+1","Deadly Poison","Backflip","Prepared+1"],"relics":["Ring of the Snake","FaceOfCleric","Toxic Egg 2","The Courier"],"potions_floor_usage":[7],"damage_taken":[{"damage":0,"enemies":"2 Louse","floor":1,"turns":3},{"damage":0,"enemies":"Cultist","floor":4,"turns":2},{"damage":14,"enemies":"Jaw Worm","floor":5,"turns":4},{"damage":22,"enemies":"Lagavulin","floor":7,"turns":6},{"damage":34,"enemies":"Exordium Wildlife","floor":10,"turns":4}],"seed_played":"-1653732192284249829","potions_obtained":[{"floor":5,"key":"GamblersBrew"},{"floor":7,"key":"LiquidBronze"}],"is_trial":false,"path_per_floor":["M","$","?","M","M","R","E","R","T","M"],"character_chosen":"THE_SILENT","items_purchased":["Trip","Bane"],"campfire_rested":0,"item_purchase_floors":[2,2],"current_hp_per_floor":[59,59,59,60,47,47,26,26,26,0],"gold":126,"neow_bonus":"HUNDRED_GOLD","is_prod":false,"is_daily":false,"chose_seed":false,"campfire_upgraded":2,"win_rate":0,"timestamp":1643823670,"path_taken":["M","$","?","M","M","R","E","R","T","M"],"build_version":"2020-12-22","purchased_purges":0,"victory":false,"max_hp_per_floor":[66,66,66,67,68,68,69,69,69,69],"relic_stats":{"FaceOfCleric":3,"counters":[5,19],"The Courier":0,"obtain_stats":[{"FaceOfCleric":3,"The Courier":9,"Toxic Egg 2":7,"Ring of the Snake":0},{"FaceOfCleric":1,"The Courier":4,"Toxic Egg 2":4,"Ring of the Snake":0},{"FaceOfCleric":3,"The Courier":15,"Toxic Egg 2":15,"Ring of the Snake":0}],"Ring of the Snake":[10]},"card_choices":[{"not_picked":["Sucker Punch","Finisher"],"picked":"Deadly Poison","floor":1},{"not_picked":["Underhanded Strike","Endless Agony"],"picked":"Deadly Poison","floor":4},{"not_picked":["Sucker Punch","Flechettes"],"picked":"Backflip","floor":5},{"not_picked":["Deflect+1","Caltrops"],"picked":"Prepared+1","floor":7}],"player_experience":6103571,"relics_obtained":[{"floor":7,"key":"Toxic Egg 2"},{"floor":9,"key":"The Courier"}],"event_choices":[{"damage_healed":0,"gold_gain":0,"player_choice":"Trade","damage_taken":0,"relics_obtained":["FaceOfCleric"],"max_hp_gain":0,"max_hp_loss":0,"event_name":"FaceTrader","floor":3,"gold_loss":0}],"is_beta":false,"boss_relics":[],"items_purged_floors":[],"is_endless":false,"potions_floor_spawned":[5,7],"killed_by":"Exordium Wildlife","ascension_level":20}