{"gold_per_floor":[19,19,37,54,129,129,94,94,117,143,162,192,207,222,222,222],"floor_reached":16,"playtime":1317,"items_purged":[],"score":274,"play_id":"2794780b-7373-4cb0-b5e9-449c379b53b0","local_time":"20220210181305","is_ascension_mode":true,"campfire_choices":[{"data":"Poisoned Stab","floor":6,"key":"SMITH"},{"data":"Neutralize","floor":8,"key":"SMITH"},{"data":"Terror","floor":15,"key":"SMITH"}],"neow_cost":"NO_GOLD","seed_source_timestamp":1960583315854600,"circlet_count":0,"master_deck":["AscendersBane","Strike_G","Strike_G","Strike_G","Strike_G","Defend_G","Defend_G","Defend_G","Defend_G","Defend_G","Survivor","Neutralize+1","Secret Weapon","Poisoned Stab+1","Terror+1","PiercingWail","Endless Agony","Backstab","Dagger Throw","Catalyst","All Out Attack"],"relics":["Ring of the Snake","Bag of Marbles","Bag of Preparation","Paper Crane"],"potions_floor_usage":[12,16,16],"damage_taken":[{"damage":13,"enemies":"Jaw Worm","floor":1,"turns":6},{"damage":2,"enemies":"2 Louse","floor":3,"turns":3},{"damage":4,"enemies":"Small Slimes","floor":4,"turns":4},{"damage":43,"enemies":"3 Sentries","floor":10,"turns":14},{"damage":0,"enemies":"Looter","floor":11,"turns":1},{"damage":0,"enemies":"Gremlin Nob","floor":12,"turns":1},{"damage":0,"enemies":"Blue Slaver","floor":13,"turns":1},{"damage":0,"enemies":"Red Slaver","floor":14,"turns":2},{"damage":6,"enemies":"Hexaghost","floor":16,"turns":9}],"seed_played":"6674243565551996669","potions_obtained":[{"floor":10,"key":"AttackPotion"},{"floor":11,"key":"SteroidPotion"},{"floor":13,"key":"BlessingOfTheForge"},{"floor":14,"key":"Block Potion"}],"is_trial":false,"path_per_floor":["M","?","M","M","?","R","?","R","T","E","M","E","M","M","R","B"],"character_chosen":"THE_SILENT","items_purchased":[],"campfire_rested":0,"item_purchase_floors":[],"current_hp_per_floor":[46,46,44,40,29,29,45,45,45,2,2,2,2,2,2,0],"gold":222,"neow_bonus":"RANDOM_COLORLESS_2","is_prod":false,"is_daily":false,"chose_seed":false,"campfire_upgraded":3,"win_rate":0,"timestamp":1644534785,"path_taken":["M","?","M","M","?","R","?","R","T","E","M","E","M","M","R","BOSS"],"build_version":"2020-12-22","purchased_purges":0,"victory":false,"max_hp_per_floor":[66,66,66,66,66,66,66,66,66,66,66,66,66,66,66,66],"relic_stats":{"counters":[9,41],"Bag of Preparation":[11],"obtain_stats":[{"Bag of Marbles":9,"Bag of Preparation":10,"Paper Crane":12,"Ring of the Snake":0},{"Bag of Marbles":3,"Bag of Preparation":4,"Paper Crane":6,"Ring of the Snake":0},{"Bag of Marbles":13,"Bag of Preparation":27,"Paper Crane":29,"Ring of the Snake":0}],"Ring of the Snake":[19]},"card_choices":[{"not_picked":["Mayhem","Thinking Ahead"],"picked":"Secret Weapon","floor":0},{"not_picked":["Calculated Gamble","Masterful Stab"],"picked":"Poisoned Stab","floor":1},{"not_picked":["Sucker Punch","Terror"],"picked":"PiercingWail","floor":3},{"not_picked":["Escape Plan","Flying Knee"],"picked":"Endless Agony","floor":4},{"not_picked":["Poisoned Stab","Outmaneuver"],"picked":"Backstab","floor":10},{"not_picked":["Dodge and Roll","Backflip"],"picked":"Dagger Throw","floor":11},{"not_picked":["Quick Slash","Blur"],"picked":"Catalyst","floor":12},{"not_picked":["Dodge and Roll","Bane","Tactician"],"picked":"SKIP","floor":13},{"not_picked":["Expertise","Blade Dance"],"picked":"All Out Attack","floor":14}],"player_experience":6216608,"relics_obtained":[{"floor":9,"key":"Bag of Marbles"},{"floor":10,"key":"Bag of Preparation"},{"floor":12,"key":"Paper Crane"}],"event_choices":[{"damage_healed":0,"gold_gain":0,"cards_transformed":["Strike_G"],"player_choice":"Change","damage_taken":0,"max_hp_gain":0,"max_hp_loss":0,"event_name":"Living Wall","floor":2,"gold_loss":0,"cards_obtained":["Terror"]},{"damage_healed":0,"gold_gain":75,"player_choice":"Gather Gold","damage_taken":11,"max_hp_gain":0,"max_hp_loss":0,"event_name":"World of Goop","floor":5,"gold_loss":0},{"damage_healed":16,"gold_gain":0,"player_choice":"Healed","damage_taken":0,"max_hp_gain":0,"max_hp_loss":0,"event_name":"The Cleric","floor":7,"gold_loss":35}],"is_beta":false,"boss_relics":[],"items_purged_floors":[],"is_endless":false,"potions_floor_spawned":[10,11,13,14],"killed_by":"Hexaghost","ascension_level":20}