{"gold_per_floor":[217,235,35,52,52,80,80,105,105,137,147,35,48,58,58,131,131,141,141,160,176,176,208,208,242,242,252,252,277,291,307,307,384,384,401,401,421,421,437,437,466,486,486,217,217,115,145,161,161,161,161,161,161,32,58,58],"floor_reached":57,"playtime":6853,"items_purged":["Strike_G","Accuracy","Storm of Steel","Finisher"],"score":3088,"play_id":"bbecf6d2-50e5-4a53-943d-ca66ae2491ed","local_time":"20220215165045","is_ascension_mode":true,"campfire_choices":[{"data":"All Out Attack","floor":7,"key":"SMITH"},{"data":"Eviscerate","floor":15,"key":"SMITH"},{"data":"Terror","floor":24,"key":"SMITH"},{"data":"Phantasmal Killer","floor":32,"key":"SMITH"},{"data":"Wraith Form v2","floor":40,"key":"SMITH"},{"floor":45,"key":"RECALL"},{"data":"Enlightenment","floor":49,"key":"SMITH"},{"data":"Calculated Gamble","floor":53,"key":"SMITH"}],"neow_cost":"NONE","seed_source_timestamp":364321504556200,"circlet_count":0,"master_deck":["AscendersBane","Survivor","Neutralize","Underhanded Strike","All Out Attack+1","Dash","Dagger Throw","Eviscerate+1","Terror+1","PiercingWail","Dagger Throw","Corpse Explosion","Calculated Gamble+1","Acrobatics","Flying Knee+1","Phantasmal Killer+1","Tools of the Trade","Venomology","Die Die Die","Reflex","Noxious Fumes","PiercingWail","Wraith Form v2+1","Predator","Sucker Punch","Underhanded Strike","Dark Shackles","Enlightenment+1","Night Terror","PiercingWail","Acrobatics"],"relics":["Ring of the Snake","Thread and Needle","Oddly Smooth Stone","Runic Pyramid","Nloth\u0027s Gift","Dream Catcher","Torii","InkBottle","Meat on the Bone","Pandora\u0027s Box","Smiling Mask","Ninja Scroll","Bag of Marbles","Happy Flower","HornCleat"],"potions_floor_usage":[6,6,10,13,23,23,29,33,35,37,39,39,42,47,50,51,55,56,56],"damage_taken":[{"damage":3,"enemies":"Small Slimes","floor":1,"turns":4},{"damage":0,"enemies":"2 Louse","floor":2,"turns":4},{"damage":0,"enemies":"Cultist","floor":4,"turns":3},{"damage":0,"enemies":"Gremlin Nob","floor":6,"turns":3},{"damage":2,"enemies":"3 Sentries","floor":8,"turns":4},{"damage":0,"enemies":"Gremlin Nob","floor":10,"turns":3},{"damage":0,"enemies":"Large Slime","floor":11,"turns":4},{"damage":0,"enemies":"Lots of Slimes","floor":13,"turns":2},{"damage":0,"enemies":"2 Fungi Beasts","floor":14,"turns":3},{"damage":13,"enemies":"Slime Boss","floor":16,"turns":8},{"damage":2,"enemies":"3 Byrds","floor":18,"turns":2},{"damage":0,"enemies":"Chosen","floor":20,"turns":3},{"damage":0,"enemies":"Centurion and Healer","floor":21,"turns":4},{"damage":6,"enemies":"Book of Stabbing","floor":23,"turns":5},{"damage":17,"enemies":"Slavers","floor":25,"turns":5},{"damage":1,"enemies":"Snake Plant","floor":27,"turns":2},{"damage":0,"enemies":"Book of Stabbing","floor":29,"turns":3},{"damage":1,"enemies":"Shelled Parasite and Fungi","floor":30,"turns":4},{"damage":0,"enemies":"Centurion and Healer","floor":31,"turns":5},{"damage":2,"enemies":"Collector","floor":33,"turns":6},{"damage":1,"enemies":"3 Darklings","floor":35,"turns":2},{"damage":0,"enemies":"3 Shapes","floor":37,"turns":5},{"damage":1,"enemies":"Writhing Mass","floor":39,"turns":7},{"damage":0,"enemies":"Nemesis","floor":41,"turns":5},{"damage":0,"enemies":"Spire Growth","floor":42,"turns":8},{"damage":0,"enemies":"Reptomancer","floor":47,"turns":5},{"damage":0,"enemies":"Sphere and 2 Shapes","floor":48,"turns":3},{"damage":0,"enemies":"Donu and Deca","floor":50,"turns":9},{"damage":8,"enemies":"Time Eater","floor":51,"turns":9},{"damage":1,"enemies":"Shield and Spear","floor":55,"turns":6},{"damage":47,"enemies":"The Heart","floor":56,"turns":10}],"seed_played":"-3646286556267051154","potions_obtained":[{"floor":6,"key":"Explosive Potion"},{"floor":8,"key":"Swift Potion"},{"floor":11,"key":"Explosive Potion"},{"floor":14,"key":"AttackPotion"},{"floor":23,"key":"DuplicationPotion"},{"floor":25,"key":"EssenceOfSteel"},{"floor":31,"key":"Strength Potion"},{"floor":33,"key":"Regen Potion"},{"floor":42,"key":"ColorlessPotion"},{"floor":48,"key":"Block Potion"}],"is_trial":false,"path_per_floor":["M","M","$","M","?","E","R","E","T","E","M","$","M","M","R","B",null,"M","?","M","M","?","E","R","E","T","M","?","E","M","M","R","B",null,"M","?","M","?","M","R","E","M","T","$","R","$","E","M","R","B","B",null,"R","$","E","B",null],"character_chosen":"THE_SILENT","items_purchased":["Poison Potion","Poison Potion","Dash","Well Laid Plans","PiercingWail","Bag of Marbles","Acrobatics","GamblersBrew"],"campfire_rested":0,"item_purchase_floors":[3,3,3,12,44,44,46,54],"current_hp_per_floor":[56,56,56,56,56,56,56,54,54,54,54,54,54,54,54,41,60,58,58,58,58,58,52,52,35,35,34,34,34,45,45,45,43,60,64,54,54,54,53,53,53,53,53,53,53,53,53,53,53,53,45,61,61,61,60,25],"gold":58,"neow_bonus":"HUNDRED_GOLD","is_prod":false,"is_daily":false,"chose_seed":false,"campfire_upgraded":7,"win_rate":0,"timestamp":1644961845,"path_taken":["M","M","$","M","?","E","R","E","T","E","M","$","M","M","R","BOSS","M","?","?","M","?","E","R","E","T","?","?","E","M","M","R","BOSS","M","?","M","?","M","R","E","M","T","?","R","$","E","M","R","BOSS","BOSS","R","$","E","BOSS"],"build_version":"2020-12-22","purchased_purges":4,"victory":true,"max_hp_per_floor":[66,66,66,66,66,66,66,66,66,66,66,66,66,66,66,66,66,66,66,66,66,66,66,66,66,66,66,66,66,66,66,66,66,66,66,66,66,66,66,66,66,66,66,66,66,66,66,66,66,66,66,66,66,66,66,66],"relic_stats":{"Dream Catcher":0,"Torii":13,"Happy Flower":[12],"counters":[31,146],"Pandora\u0027s Box":["Die Die Die","Accuracy","Reflex","Noxious Fumes","Storm of Steel","PiercingWail","Wraith Form v2","Predator","Sucker Punch"],"Nloth\u0027s Gift":6,"Smiling Mask":225,"obtain_stats":[{"Torii":25,"Happy Flower":47,"Oddly Smooth Stone":10,"Thread and Needle":8,"Smiling Mask":41,"Dream Catcher":23,"HornCleat":55,"Ninja Scroll":43,"Bronze Scales":6,"Pandora\u0027s Box":34,"Nloth\u0027s Gift":22,"Bag of Marbles":44,"InkBottle":26,"Ring of the Snake":0,"Runic Pyramid":17,"Meat on the Bone":29},{"Torii":15,"Happy Flower":26,"Oddly Smooth Stone":6,"Thread and Needle":5,"Smiling Mask":24,"Dream Catcher":14,"HornCleat":30,"Ninja Scroll":25,"Bronze Scales":4,"Pandora\u0027s Box":20,"Nloth\u0027s Gift":13,"Bag of Marbles":25,"InkBottle":15,"Ring of the Snake":0,"Runic Pyramid":10,"Meat on the Bone":17},{"Torii":57,"Happy Flower":109,"Oddly Smooth Stone":21,"Thread and Needle":18,"Smiling Mask":96,"Dream Catcher":52,"HornCleat":136,"Ninja Scroll":104,"Bronze Scales":14,"Pandora\u0027s Box":77,"Nloth\u0027s Gift":47,"Bag of Marbles":104,"InkBottle":57,"Ring of the Snake":0,"Runic Pyramid":38,"Meat on the Bone":62}],"InkBottle":[39],"Ring of the Snake":[62],"Meat on the Bone":24},"card_choices":[{"not_picked":["Quick Slash","Concentrate"],"picked":"Underhanded Strike","floor":1},{"not_picked":["Dagger Spray","Prepared"],"picked":"All Out Attack","floor":2},{"not_picked":["Calculated Gamble","Predator"],"picked":"Dagger Throw","floor":4},{"not_picked":["Flying Knee","Dodge and Roll"],"picked":"Eviscerate","floor":6},{"not_picked":["A Thousand Cuts","Blur","PiercingWail"],"picked":"SKIP","floor":8},{"not_picked":["Finisher","Dagger Spray"],"picked":"Terror","floor":10},{"not_picked":["Dodge and Roll","Cloak And Dagger"],"picked":"PiercingWail","floor":11},{"not_picked":["Endless Agony","Flechettes","Well Laid Plans"],"picked":"SKIP","floor":13},{"not_picked":["Outmaneuver","Slice"],"picked":"Dagger Throw","floor":14},{"not_picked":["Night Terror","Bullet Time"],"picked":"Corpse Explosion","floor":16},{"not_picked":["Cloak And Dagger","Terror"],"picked":"Calculated Gamble","floor":18},{"not_picked":["Predator","Bouncing Flask"],"picked":"Acrobatics","floor":20},{"not_picked":["Outmaneuver","All Out Attack","Poisoned Stab"],"picked":"SKIP","floor":21},{"not_picked":["Blade Dance","Underhanded Strike"],"picked":"Flying Knee+1","floor":23},{"not_picked":["Blade Dance","Footwork"],"picked":"Phantasmal Killer","floor":25},{"not_picked":["Dagger Spray","Blade Dance","Dodge and Roll"],"picked":"SKIP","floor":27},{"not_picked":["Die Die Die","Distraction+1"],"picked":"Tools of the Trade","floor":29},{"not_picked":["Accuracy","Deadly Poison","Dodge and Roll"],"picked":"SKIP","floor":30},{"not_picked":["Dodge and Roll","Acrobatics","Slice"],"picked":"SKIP","floor":31},{"not_picked":["Dodge and Roll","Acrobatics","Slice"],"picked":"SKIP","floor":31},{"not_picked":["Corpse Explosion","Night Terror"],"picked":"Venomology","floor":33},{"not_picked":["Noxious Fumes","Deadly Poison"],"picked":"Underhanded Strike","floor":35},{"not_picked":["Forethought","Discovery"],"picked":"Dark Shackles","floor":36},{"not_picked":["PanicButton","Violence"],"picked":"Enlightenment","floor":36},{"not_picked":["Deflect","Distraction","Sucker Punch"],"picked":"SKIP","floor":37},{"not_picked":["Deflect","Distraction","Sucker Punch"],"picked":"SKIP","floor":37},{"not_picked":["Slice","Underhanded Strike","Burst"],"picked":"SKIP","floor":39},{"not_picked":["Quick Slash","Tools of the Trade"],"picked":"Night Terror","floor":41},{"not_picked":["Setup","Flying Knee","Infinite Blades"],"picked":"SKIP","floor":42},{"not_picked":["Skewer","Heel Hook","Finisher"],"picked":"SKIP","floor":47},{"not_picked":["Cloak And Dagger","Footwork+1","Deflect"],"picked":"SKIP","floor":48},{"not_picked":["Unload","Riddle With Holes","Dagger Spray"],"picked":"SKIP","floor":55}],"player_experience":6262277,"relics_obtained":[{"floor":6,"key":"Bronze Scales"},{"floor":8,"key":"Thread and Needle"},{"floor":10,"key":"Oddly Smooth Stone"},{"floor":23,"key":"Dream Catcher"},{"floor":25,"key":"Torii"},{"floor":26,"key":"InkBottle"},{"floor":29,"key":"Meat on the Bone"},{"floor":41,"key":"Smiling Mask"},{"floor":43,"key":"Ninja Scroll"},{"floor":47,"key":"Happy Flower"},{"floor":55,"key":"HornCleat"}],"event_choices":[{"damage_healed":0,"gold_gain":0,"player_choice":"Ignored","damage_taken":0,"max_hp_gain":0,"max_hp_loss":0,"event_name":"Liars Game","floor":5,"gold_loss":0},{"damage_healed":0,"gold_gain":0,"cards_transformed":["Well Laid Plans"],"player_choice":"Transformed","damage_taken":0,"max_hp_gain":0,"max_hp_loss":0,"event_name":"Transmorgrifier","floor":19,"gold_loss":0,"cards_obtained":["Finisher"]},{"damage_healed":0,"gold_gain":0,"player_choice":"Traded Relic","damage_taken":0,"relics_obtained":["Nloth\u0027s Gift"],"max_hp_gain":0,"max_hp_loss":0,"event_name":"N\u0027loth","floor":22,"relics_lost":["Bronze Scales"],"gold_loss":0},{"damage_healed":0,"gold_gain":0,"player_choice":"Ignored","damage_taken":0,"max_hp_gain":0,"max_hp_loss":0,"event_name":"Vampires","floor":28,"gold_loss":0},{"damage_healed":0,"gold_gain":0,"player_choice":"Memory 3","damage_taken":10,"max_hp_gain":0,"max_hp_loss":0,"event_name":"SensoryStone","floor":36,"gold_loss":0},{"damage_healed":0,"gold_gain":0,"player_choice":"Ignored","damage_taken":0,"max_hp_gain":0,"max_hp_loss":0,"event_name":"Tomb of Lord Red Mask","floor":38,"gold_loss":0}],"is_beta":false,"boss_relics":[{"not_picked":["Philosopher\u0027s Stone","Busted Crown"],"picked":"Runic Pyramid"},{"not_picked":["Ring of the Serpent","Runic Dome"],"picked":"Pandora\u0027s Box"}],"items_purged_floors":[12,44,46,54],"is_endless":false,"potions_floor_spawned":[6,8,11,14,20,23,25,31,33,35,37,42,48],"ascension_level":20}