{"gold_per_floor":[112,37,56,75,85,120,120,154,190,227,239,283,306,318,330,417,429,454,478,219,236,6,34,34,67,93,113,113,126,161,172,172,244,244,263,263,283,308,321,349,363,363,363,398,76,102,113,140,140,140,140,140,140,140,168,168],"floor_reached":57,"playtime":4586,"items_purged":["Defend_G","Strike_G","Strike_G","Defend_G+1"],"score":3799,"play_id":"1ecbc9fb-9691-473e-99d4-26edc60a83a4","local_time":"20220303163110","is_ascension_mode":true,"campfire_choices":[{"data":"Neutralize","floor":7,"key":"SMITH"},{"data":"Grand Finale","floor":15,"key":"SMITH"},{"data":"Wraith Form v2","floor":24,"key":"SMITH"},{"data":"Reflex","floor":32,"key":"SMITH"},{"data":"Acrobatics","floor":42,"key":"SMITH"},{"floor":49,"key":"RECALL"},{"data":"Survivor","floor":53,"key":"SMITH"}],"neow_cost":"NONE","seed_source_timestamp":595324198744600,"circlet_count":0,"master_deck":["AscendersBane","Defend_G+1","Survivor+1","Neutralize+1","Grand Finale+1","PiercingWail","Calculated Gamble+1","Wraith Form v2+1","Noxious Fumes+1","Caltrops+1","Tactician+1","Reflex","Acrobatics+1","Purity","Reflex+1","PiercingWail","Acrobatics+1","After Image","Wraith Form v2+1"],"relics":["Runic Pyramid","War Paint","MawBank","Orichalcum","Oddly Smooth Stone","Akabeko","Astrolabe","Medical Kit","Dream Catcher","White Beast Statue","Letter Opener","Empty Cage","Prayer Wheel","FossilizedHelix","InkBottle","Mummified Hand","Toy Ornithopter","Frozen Egg 2","Bronze Scales","Bag of Marbles"],"potions_floor_usage":[21,25,29,55,56],"damage_taken":[{"damage":7,"enemies":"Jaw Worm","floor":1,"turns":5},{"damage":0,"enemies":"Cultist","floor":3,"turns":4},{"damage":0,"enemies":"Small Slimes","floor":4,"turns":4},{"damage":0,"enemies":"Exordium Thugs","floor":5,"turns":3},{"damage":2,"enemies":"Gremlin Nob","floor":6,"turns":3},{"damage":0,"enemies":"Lagavulin","floor":8,"turns":5},{"damage":0,"enemies":"Gremlin Nob","floor":10,"turns":3},{"damage":4,"enemies":"3 Sentries","floor":12,"turns":3},{"damage":0,"enemies":"Looter","floor":13,"turns":3},{"damage":13,"enemies":"Slime Boss","floor":16,"turns":7},{"damage":0,"enemies":"2 Thieves","floor":18,"turns":2},{"damage":0,"enemies":"Chosen","floor":19,"turns":7},{"damage":0,"enemies":"Centurion and Healer","floor":21,"turns":4},{"damage":0,"enemies":"Book of Stabbing","floor":23,"turns":4},{"damage":3,"enemies":"Gremlin Leader","floor":25,"turns":4},{"damage":0,"enemies":"Sentry and Sphere","floor":27,"turns":4},{"damage":2,"enemies":"Snake Plant","floor":29,"turns":2},{"damage":0,"enemies":"Book of Stabbing","floor":30,"turns":3},{"damage":0,"enemies":"Shelled Parasite and Fungi","floor":31,"turns":3},{"damage":12,"enemies":"Champ","floor":33,"turns":3},{"damage":0,"enemies":"3 Darklings","floor":35,"turns":3},{"damage":0,"enemies":"Orb Walker","floor":37,"turns":2},{"damage":0,"enemies":"Mind Bloom Boss Battle","floor":38,"turns":3},{"damage":0,"enemies":"Jaw Worm Horde","floor":39,"turns":2},{"damage":0,"enemies":"Nemesis","floor":40,"turns":3},{"damage":18,"enemies":"4 Shapes","floor":41,"turns":5},{"damage":0,"enemies":"Reptomancer","floor":44,"turns":2},{"damage":0,"enemies":"Giant Head","floor":46,"turns":1},{"damage":0,"enemies":"Writhing Mass","floor":47,"turns":3},{"damage":0,"enemies":"Reptomancer","floor":48,"turns":2},{"damage":0,"enemies":"Awakened One","floor":50,"turns":3},{"damage":0,"enemies":"Time Eater","floor":51,"turns":4},{"damage":0,"enemies":"Shield and Spear","floor":55,"turns":3},{"damage":0,"enemies":"The Heart","floor":56,"turns":6}],"seed_played":"2955002697673324106","potions_obtained":[{"floor":3,"key":"CunningPotion"},{"floor":8,"key":"Block Potion"},{"floor":21,"key":"SpeedPotion"},{"floor":23,"key":"EntropicBrew"},{"floor":27,"key":"LiquidMemories"},{"floor":29,"key":"AttackPotion"},{"floor":33,"key":"FairyPotion"},{"floor":55,"key":"LiquidBronze"}],"is_trial":false,"path_per_floor":["M","$","M","M","M","E","R","E","T","E","$","E","M","?","R","B",null,"M","M","$","M","$","E","R","E","T","M","?","M","E","M","R","B",null,"M","?","M","?","M","E","M","R","T","E","$","E","M","E","R","B","B",null,"R","$","E","B",null],"character_chosen":"THE_SILENT","items_purchased":["Medical Kit","Purity","Toy Ornithopter"],"campfire_rested":0,"item_purchase_floors":[20,22,45],"current_hp_per_floor":[52,52,52,52,52,50,50,50,50,50,50,46,46,46,46,33,58,58,58,58,58,58,58,58,55,55,55,55,53,53,53,53,41,60,60,60,60,60,60,60,42,42,42,42,42,42,42,42,42,42,42,60,60,60,65,66],"gold":168,"neow_bonus":"BOSS_RELIC","is_prod":false,"is_daily":false,"chose_seed":false,"campfire_upgraded":6,"win_rate":0,"timestamp":1646343070,"path_taken":["M","$","M","M","M","E","R","E","T","E","$","E","M","?","R","BOSS","M","?","?","M","$","E","R","E","T","M","?","?","E","M","R","BOSS","M","?","M","?","M","E","M","R","T","E","$","E","M","E","R","BOSS","BOSS","R","$","E","BOSS"],"build_version":"2022-02-27","purchased_purges":4,"victory":true,"max_hp_per_floor":[66,66,66,66,66,66,66,66,66,66,66,66,66,66,66,66,66,66,66,66,66,66,66,66,66,66,66,66,66,66,66,66,66,66,66,66,66,66,66,66,66,66,66,66,66,66,66,66,66,66,66,66,66,66,66,66],"relic_stats":{"counters":[34,118],"Astrolabe":["Noxious Fumes","Caltrops","Tactician"],"Letter Opener":[384],"War Paint":["Defend_G","Defend_G"],"Orichalcum":[192],"MawBank":144,"Medical Kit":[25],"White Beast Statue":[0.0,0.0,0.0,0.4,0.0,0.6000000000000001,0.0,0.0,0.0,0.0,0.0,6.7813670912000035],"Dream Catcher":0,"Mummified Hand":[53],"Bronze Scales":[96],"Prayer Wheel":3,"obtain_stats":[{"Astrolabe":17,"Oddly Smooth Stone":10,"Letter Opener":30,"War Paint":6,"Orichalcum":9,"Frozen Egg 2":46,"MawBank":8,"Medical Kit":20,"Empty Cage":34,"Akabeko":12,"White Beast Statue":25,"Dream Catcher":23,"Mummified Hand":44,"Bronze Scales":48,"Prayer Wheel":38,"Bag of Marbles":55,"FossilizedHelix":40,"InkBottle":43,"Toy Ornithopter":45,"Ring of the Snake":0,"Runic Pyramid":0},{"Astrolabe":10,"Oddly Smooth Stone":7,"Letter Opener":18,"War Paint":5,"Orichalcum":6,"Frozen Egg 2":28,"MawBank":6,"Medical Kit":12,"Empty Cage":20,"Akabeko":8,"White Beast Statue":15,"Dream Catcher":14,"Mummified Hand":27,"Bronze Scales":30,"Prayer Wheel":23,"Bag of Marbles":33,"FossilizedHelix":25,"InkBottle":26,"Toy Ornithopter":27,"Ring of the Snake":0,"Runic Pyramid":0},{"Astrolabe":40,"Oddly Smooth Stone":27,"Letter Opener":70,"War Paint":19,"Orichalcum":24,"Frozen Egg 2":97,"MawBank":24,"Medical Kit":49,"Empty Cage":76,"Akabeko":30,"White Beast Statue":61,"Dream Catcher":57,"Mummified Hand":96,"Bronze Scales":102,"Prayer Wheel":84,"Bag of Marbles":112,"FossilizedHelix":89,"InkBottle":94,"Toy Ornithopter":96,"Ring of the Snake":0,"Runic Pyramid":0}],"FossilizedHelix":[3],"InkBottle":[16],"Toy Ornithopter":6},"card_choices":[{"not_picked":["Quick Slash","Dodge and Roll"],"picked":"Dash","floor":1},{"not_picked":["Eviscerate","Backflip"],"picked":"Grand Finale","floor":3},{"not_picked":["Cloak And Dagger","Acrobatics"],"picked":"PiercingWail","floor":4},{"not_picked":["Bane","Footwork","Blade Dance"],"picked":"SKIP","floor":5},{"not_picked":["Poisoned Stab","Well Laid Plans","Bane"],"picked":"SKIP","floor":6},{"not_picked":["Poisoned Stab","Well Laid Plans","Bane"],"picked":"SKIP","floor":6},{"not_picked":["Setup","Quick Slash","Deflect"],"picked":"SKIP","floor":8},{"not_picked":["Tactician","Dodge and Roll","Bane"],"picked":"SKIP","floor":10},{"not_picked":["Choke","Bane","Slice"],"picked":"SKIP","floor":12},{"not_picked":["Deflect","Tactician"],"picked":"Calculated Gamble","floor":13},{"not_picked":["Doppelganger","Bullet Time"],"picked":"Wraith Form v2","floor":16},{"not_picked":["All Out Attack","Bouncing Flask"],"picked":"Reflex","floor":18},{"not_picked":["Dash","Sucker Punch"],"picked":"Acrobatics","floor":19},{"not_picked":["Catalyst","Escape Plan","Cloak And Dagger"],"picked":"SKIP","floor":23},{"not_picked":["Acrobatics","Cloak And Dagger"],"picked":"Reflex","floor":25},{"not_picked":["Dash","Bane","Night Terror"],"picked":"SKIP","floor":29},{"not_picked":["Accuracy","Backstab+1","Blur"],"picked":"SKIP","floor":30},{"not_picked":["Deflect","Deadly Poison"],"picked":"PiercingWail","floor":31},{"not_picked":["Underhanded Strike","Dagger Spray"],"picked":"Acrobatics+1","floor":35},{"not_picked":["Concentrate","Well Laid Plans","Quick Slash+1"],"picked":"SKIP","floor":37},{"not_picked":["Accuracy+1","Reflex","Terror"],"picked":"SKIP","floor":39},{"not_picked":["Slice","Concentrate+1","Outmaneuver"],"picked":"SKIP","floor":39},{"not_picked":["Reflex","Blur+1","PiercingWail"],"picked":"SKIP","floor":41},{"not_picked":["Envenom","Predator","Footwork"],"picked":"SKIP","floor":41},{"not_picked":["Endless Agony","Backflip"],"picked":"After Image","floor":44},{"not_picked":["Dagger Throw","Slice+1"],"picked":"Wraith Form v2+1","floor":46},{"not_picked":["Outmaneuver+1","Backstab","Dodge and Roll+1"],"picked":"SKIP","floor":47},{"not_picked":["Dagger Throw","Outmaneuver+1","Poisoned Stab"],"picked":"SKIP","floor":47},{"not_picked":["Well Laid Plans+1","Night Terror","Dagger Spray"],"picked":"SKIP","floor":48},{"not_picked":["Deflect","Leg Sweep","Dodge and Roll+1"],"picked":"SKIP","floor":55},{"not_picked":["Deflect","Leg Sweep","Dodge and Roll+1"],"picked":"SKIP","floor":55}],"player_experience":6382568,"relics_obtained":[{"floor":6,"key":"War Paint"},{"floor":8,"key":"MawBank"},{"floor":9,"key":"Orichalcum"},{"floor":10,"key":"Oddly Smooth Stone"},{"floor":12,"key":"Akabeko"},{"floor":23,"key":"Dream Catcher"},{"floor":25,"key":"White Beast Statue"},{"floor":30,"key":"Letter Opener"},{"floor":38,"key":"Prayer Wheel"},{"floor":40,"key":"FossilizedHelix"},{"floor":43,"key":"InkBottle"},{"floor":44,"key":"Mummified Hand"},{"floor":46,"key":"Frozen Egg 2"},{"floor":48,"key":"Bronze Scales"},{"floor":55,"key":"Bag of Marbles"}],"event_choices":[{"damage_healed":0,"gold_gain":0,"player_choice":"Forge","damage_taken":0,"max_hp_gain":0,"max_hp_loss":0,"event_name":"Accursed Blacksmith","floor":14,"gold_loss":0,"cards_upgraded":["Calculated Gamble"]},{"cards_removed":["Defend_G"],"damage_healed":0,"gold_gain":0,"player_choice":"Offered Basic","damage_taken":0,"max_hp_gain":0,"max_hp_loss":0,"event_name":"Bonfire Elementals","floor":28,"gold_loss":0},{"damage_healed":0,"gold_gain":0,"player_choice":"Ignored","damage_taken":0,"max_hp_gain":0,"max_hp_loss":0,"event_name":"Tomb of Lord Red Mask","floor":36,"gold_loss":0},{"damage_healed":0,"gold_gain":0,"player_choice":"Fight","damage_taken":0,"max_hp_gain":0,"max_hp_loss":0,"event_name":"MindBloom","floor":38,"gold_loss":0}],"is_beta":false,"boss_relics":[{"not_picked":["SacredBark","Snecko Eye"],"picked":"Astrolabe"},{"not_picked":["Sozu","HoveringKite"],"picked":"Empty Cage"}],"items_purged_floors":[2,20,22,45],"is_endless":false,"potions_floor_spawned":[3,8,10,12,16,18,21,23,27,29,30,31,33,35,37,38,39,40,41,44,46,47,48,55],"ascension_level":20}