{"gold_per_floor":[111,111,186,201,212,212,243,243,243,258,291,309,327,353,353,432,432,448,461,48,48,65,65,99,99,99,126,144,44,44,72,72,149,149,167,185,185,210,229,229,263,263,313,327,345,357,357,384,384,384,384,384,384,101,131,131],"floor_reached":57,"playtime":4553,"items_purged":["Strike_G","Strike_G"],"score":2934,"play_id":"8aa94ffa-5886-4256-a024-04ece874fcca","local_time":"20220307173259","is_ascension_mode":true,"campfire_choices":[{"data":"Tactician","floor":6,"key":"SMITH"},{"floor":8,"key":"REST"},{"data":"Well Laid Plans","floor":15,"key":"SMITH"},{"data":"Choke","floor":23,"key":"SMITH"},{"data":"Acrobatics","floor":30,"key":"SMITH"},{"data":"Calculated Gamble","floor":32,"key":"SMITH"},{"data":"1","floor":40,"key":"LIFT"},{"data":"2","floor":42,"key":"LIFT"},{"floor":47,"key":"RECALL"},{"data":"3","floor":49,"key":"LIFT"},{"data":"Malaise","floor":53,"key":"SMITH"}],"neow_cost":"NONE","seed_source_timestamp":944664640311300,"circlet_count":0,"master_deck":["AscendersBane","Strike_G","Defend_G","Defend_G","Defend_G","Defend_G+1","Defend_G","Survivor+1","Neutralize","Choke+1","Flying Knee","Dagger Throw","Tactician+1","Tools of the Trade","Calculated Gamble+1","Underhanded Strike","Blade Dance","Acrobatics+1","Well Laid Plans+1","After Image","Blade Dance","Eviscerate+1","After Image","Terror","PiercingWail","Choke+1","Sucker Punch+1","Malaise+1","Finisher+1","Blade Dance+1","Outmaneuver+1","Calculated Gamble"],"relics":["Snecko Eye","Bird Faced Urn","Gremlin Horn","Ninja Scroll","Coffee Dripper","Potion Belt","DollysMirror","Ancient Tea Set","Molten Egg 2","Matryoshka","War Paint","HoveringKite","Girya","Sundial","Kunai","Bag of Preparation","Bronze Scales","TwistedFunnel","Paper Crane"],"potions_floor_usage":[11,13,14,22,22,22,24,24,24,50,51,55,56,56],"damage_taken":[{"damage":0,"enemies":"2 Louse","floor":1,"turns":6},{"damage":2,"enemies":"Jaw Worm","floor":4,"turns":5},{"damage":1,"enemies":"Small Slimes","floor":5,"turns":3},{"damage":26,"enemies":"Gremlin Nob","floor":7,"turns":4},{"damage":10,"enemies":"Exordium Wildlife","floor":10,"turns":5},{"damage":16,"enemies":"3 Sentries","floor":11,"turns":9},{"damage":7,"enemies":"Exordium Thugs","floor":12,"turns":4},{"damage":1,"enemies":"2 Fungi Beasts","floor":13,"turns":6},{"damage":10,"enemies":"Gremlin Nob","floor":14,"turns":3},{"damage":8,"enemies":"The Guardian","floor":16,"turns":9},{"damage":8,"enemies":"Spheric Guardian","floor":18,"turns":4},{"damage":0,"enemies":"Chosen","floor":19,"turns":3},{"damage":0,"enemies":"Shelled Parasite and Fungi","floor":22,"turns":3},{"damage":0,"enemies":"Slavers","floor":24,"turns":4},{"damage":0,"enemies":"Gremlin Leader","floor":27,"turns":4},{"damage":0,"enemies":"Snecko","floor":28,"turns":2},{"damage":0,"enemies":"Slavers","floor":31,"turns":3},{"damage":1,"enemies":"Collector","floor":33,"turns":5},{"damage":5,"enemies":"3 Darklings","floor":35,"turns":2},{"damage":0,"enemies":"Orb Walker","floor":36,"turns":3},{"damage":0,"enemies":"Mind Bloom Boss Battle","floor":38,"turns":2},{"damage":0,"enemies":"4 Shapes","floor":39,"turns":5},{"damage":0,"enemies":"Reptomancer","floor":41,"turns":3},{"damage":0,"enemies":"Sphere and 2 Shapes","floor":44,"turns":2},{"damage":0,"enemies":"Jaw Worm Horde","floor":45,"turns":3},{"damage":42,"enemies":"Spire Growth","floor":46,"turns":5},{"damage":0,"enemies":"Nemesis","floor":48,"turns":1},{"damage":9,"enemies":"Awakened One","floor":50,"turns":10},{"damage":30,"enemies":"Donu and Deca","floor":51,"turns":8},{"damage":7,"enemies":"Shield and Spear","floor":55,"turns":5},{"damage":58,"enemies":"The Heart","floor":56,"turns":9}],"seed_played":"5595824398735660517","potions_obtained":[{"floor":1,"key":"LiquidBronze"},{"floor":7,"key":"EssenceOfSteel"},{"floor":12,"key":"Regen Potion"},{"floor":16,"key":"EntropicBrew"},{"floor":18,"key":"DuplicationPotion"},{"floor":22,"key":"CunningPotion"},{"floor":27,"key":"Energy Potion"},{"floor":28,"key":"PowerPotion"},{"floor":35,"key":"SteroidPotion"},{"floor":38,"key":"LiquidMemories"},{"floor":48,"key":"DuplicationPotion"}],"is_trial":false,"path_per_floor":["M","?","?","M","M","R","E","R","T","M","E","M","M","E","R","B",null,"M","M","$","?","M","R","E","?","T","E","M","$","R","E","R","B",null,"M","M","?","?","M","R","E","R","T","M","M","M","R","E","R","B","B",null,"R","$","E","B",null],"character_chosen":"THE_SILENT","items_purchased":["Potion Belt","DollysMirror","Energy Potion","SteroidPotion","TwistedFunnel"],"campfire_rested":1,"item_purchase_floors":[20,20,54,54,54],"current_hp_per_floor":[59,59,48,46,45,45,19,38,38,30,16,11,27,17,17,13,53,49,53,53,53,59,59,66,66,66,66,66,66,66,66,66,66,66,61,65,65,66,66,66,66,66,66,66,66,28,28,28,28,27,7,51,51,51,52,4],"gold":131,"neow_bonus":"BOSS_RELIC","is_prod":false,"is_daily":false,"chose_seed":false,"campfire_upgraded":6,"win_rate":0,"timestamp":1646692379,"path_taken":["M","?","?","M","M","R","E","R","T","M","E","M","M","E","R","BOSS","M","M","$","?","M","R","E","?","T","E","?","$","R","E","R","BOSS","M","M","?","?","M","R","E","R","T","M","M","M","R","E","R","BOSS","BOSS","R","$","E","BOSS"],"build_version":"2022-02-27","purchased_purges":2,"victory":true,"max_hp_per_floor":[66,66,66,66,66,66,66,66,66,66,66,66,66,66,66,66,66,66,66,66,66,66,66,66,66,66,66,66,66,66,66,66,66,66,66,66,66,66,66,66,66,66,66,66,66,66,66,66,66,66,66,66,66,66,66,66],"relic_stats":{"Girya":3,"Gremlin Horn":[32,32],"counters":[31,140],"HoveringKite":[42],"Bag of Preparation":[0],"War Paint":["Survivor","Defend_G"],"Ancient Tea Set":[14],"Matryoshka":1,"Sundial":[6],"Bird Faced Urn":[79],"Bronze Scales":[198],"Snecko Eye":[293,284,271,287,-472],"Kunai":[48],"obtain_stats":[{"Potion Belt":20,"TwistedFunnel":54,"Girya":38,"Gremlin Horn":11,"HoveringKite":34,"Bag of Preparation":43,"War Paint":31,"Paper Crane":55,"Ancient Tea Set":24,"Matryoshka":27,"Ninja Scroll":14,"DollysMirror":20,"Sundial":41,"Bird Faced Urn":7,"Bronze Scales":48,"Snecko Eye":0,"Molten Egg 2":26,"Coffee Dripper":17,"Kunai":43,"Ring of the Snake":0},{"Potion Belt":12,"TwistedFunnel":29,"Girya":21,"Gremlin Horn":6,"HoveringKite":18,"Bag of Preparation":23,"War Paint":17,"Paper Crane":30,"Ancient Tea Set":14,"Matryoshka":15,"Ninja Scroll":9,"DollysMirror":12,"Sundial":23,"Bird Faced Urn":4,"Bronze Scales":27,"Snecko Eye":0,"Molten Egg 2":14,"Coffee Dripper":10,"Kunai":23,"Ring of the Snake":0},{"Potion Belt":61,"TwistedFunnel":126,"Girya":89,"Gremlin Horn":32,"HoveringKite":82,"Bag of Preparation":97,"War Paint":77,"Paper Crane":131,"Ancient Tea Set":68,"Matryoshka":72,"Ninja Scroll":45,"DollysMirror":61,"Sundial":97,"Bird Faced Urn":18,"Bronze Scales":108,"Snecko Eye":0,"Molten Egg 2":68,"Coffee Dripper":54,"Kunai":97,"Ring of the Snake":0}]},"card_choices":[{"not_picked":["Deflect","Deadly Poison"],"picked":"Choke","floor":1},{"not_picked":["Sucker Punch","Bane"],"picked":"Dagger Throw","floor":4},{"not_picked":["Dagger Throw","Dodge and Roll"],"picked":"Tactician","floor":5},{"not_picked":["Bouncing Flask","Blur"],"picked":"Tools of the Trade","floor":7},{"not_picked":["Deadly Poison","Endless Agony"],"picked":"Calculated Gamble","floor":10},{"not_picked":["Cloak And Dagger","Deadly Poison"],"picked":"Underhanded Strike","floor":11},{"not_picked":["Outmaneuver","Escape Plan"],"picked":"Blade Dance","floor":12},{"not_picked":["Poisoned Stab","Deflect"],"picked":"Acrobatics","floor":13},{"not_picked":["Tools of the Trade","Dodge and Roll"],"picked":"Well Laid Plans","floor":14},{"not_picked":["Tools of the Trade","Grand Finale"],"picked":"After Image","floor":16},{"not_picked":["Prepared+1","Deadly Poison"],"picked":"Blade Dance","floor":18},{"not_picked":["Underhanded Strike","Reflex"],"picked":"Eviscerate","floor":19},{"not_picked":["Deadly Poison","Infinite Blades+1","Noxious Fumes"],"picked":"SKIP","floor":22},{"not_picked":["Tactician","Slice"],"picked":"PiercingWail","floor":24},{"not_picked":["Heel Hook+1","Dodge and Roll","Deflect"],"picked":"SKIP","floor":27},{"not_picked":["Poisoned Stab+1","Quick Slash+1"],"picked":"Choke+1","floor":28},{"not_picked":["Dodge and Roll","Dagger Throw+1"],"picked":"Sucker Punch+1","floor":31},{"not_picked":["Glass Knife+1","Venomology"],"picked":"Malaise","floor":33},{"not_picked":["Skewer+1","Bouncing Flask"],"picked":"Finisher+1","floor":35},{"not_picked":["Flechettes+1","Expertise","Caltrops"],"picked":"SKIP","floor":36},{"not_picked":["Infinite Blades","Blur","Slice+1"],"picked":"SKIP","floor":39},{"not_picked":["Quick Slash+1","Backstab+1","Bane+1"],"picked":"SKIP","floor":41},{"not_picked":["Dodge and Roll","Acrobatics"],"picked":"Blade Dance+1","floor":44},{"not_picked":["Deadly Poison","Skewer+1"],"picked":"Outmaneuver+1","floor":45},{"not_picked":["Skewer+1","PiercingWail","Outmaneuver"],"picked":"SKIP","floor":46},{"not_picked":["Flying Knee+1","Accuracy"],"picked":"Calculated Gamble","floor":48},{"not_picked":["Deflect","Accuracy","Terror"],"picked":"SKIP","floor":55}],"player_experience":6406152,"relics_obtained":[{"floor":7,"key":"Bird Faced Urn"},{"floor":11,"key":"Gremlin Horn"},{"floor":14,"key":"Ninja Scroll"},{"floor":24,"key":"Ancient Tea Set"},{"floor":26,"key":"Molten Egg 2"},{"floor":27,"key":"Matryoshka"},{"floor":31,"key":"War Paint"},{"floor":38,"key":"Girya"},{"floor":41,"key":"Sundial"},{"floor":43,"key":"Kunai"},{"floor":43,"key":"Bag of Preparation"},{"floor":48,"key":"Bronze Scales"},{"floor":55,"key":"Paper Crane"}],"event_choices":[{"damage_healed":0,"gold_gain":0,"cards_transformed":["Strike_G"],"player_choice":"Change","damage_taken":0,"max_hp_gain":0,"max_hp_loss":0,"event_name":"Living Wall","floor":2,"gold_loss":0,"cards_obtained":["Flying Knee"]},{"damage_healed":0,"gold_gain":75,"player_choice":"Gather Gold","damage_taken":11,"max_hp_gain":0,"max_hp_loss":0,"event_name":"World of Goop","floor":3,"gold_loss":0},{"damage_healed":0,"gold_gain":0,"player_choice":"Read","damage_taken":0,"max_hp_gain":0,"max_hp_loss":0,"event_name":"The Library","floor":21,"gold_loss":0,"cards_obtained":["Terror"]},{"damage_healed":0,"gold_gain":0,"player_choice":"Forge","damage_taken":0,"max_hp_gain":0,"max_hp_loss":0,"event_name":"Accursed Blacksmith","floor":25,"gold_loss":0,"cards_upgraded":["Eviscerate"]},{"cards_removed":["Strike_G"],"damage_healed":0,"gold_gain":0,"player_choice":"Removed Attack","damage_taken":0,"max_hp_gain":0,"max_hp_loss":0,"event_name":"Falling","floor":37,"gold_loss":0},{"damage_healed":0,"gold_gain":0,"player_choice":"Fight","damage_taken":0,"max_hp_gain":0,"max_hp_loss":0,"event_name":"MindBloom","floor":38,"gold_loss":0}],"is_beta":false,"boss_relics":[{"not_picked":["Empty Cage","SlaversCollar"],"picked":"Coffee Dripper"},{"not_picked":["Philosopher\u0027s Stone","Fusion Hammer"],"picked":"HoveringKite"}],"items_purged_floors":[20,29],"is_endless":false,"potions_floor_spawned":[1,7,12,16,18,22,27,28,35,38,39,48],"ascension_level":20}