{"gold_per_floor":[110,123,123,48,59,59,70,70,70,405,419,437,362,392,392,466,466,485,485,500,500,500,500,9,19,19,54,64,64,64,20,20,95,95,110,124,141,141,193,228,228,258,283,315,344,344,379,391,391,391,391,391,391,38,63,63],"floor_reached":56,"playtime":5555,"items_purged":["Defend_G","Strike_G","Well Laid Plans+1"],"score":2371,"play_id":"d586cc7c-cdf7-4ff7-b4ec-f2e8a03d9e0a","local_time":"20220316135536","is_ascension_mode":true,"campfire_choices":[{"data":"Crippling Poison","floor":6,"key":"SMITH"},{"floor":8,"key":"REST"},{"data":"Skewer","floor":15,"key":"SMITH"},{"data":"All Out Attack","floor":23,"key":"SMITH"},{"data":"Apotheosis","floor":29,"key":"SMITH"},{"data":"Well Laid Plans","floor":32,"key":"SMITH"},{"data":"Footwork","floor":41,"key":"SMITH"},{"floor":46,"key":"RECALL"},{"data":"Venomology","floor":49,"key":"SMITH"},{"data":"Burst","floor":53,"key":"SMITH"}],"neow_cost":"NONE","seed_source_timestamp":1704645255626700,"circlet_count":0,"master_deck":["AscendersBane","Defend_G","Defend_G+1","Defend_G","Survivor","Neutralize","Leg Sweep+1","Crippling Poison+1","All Out Attack+1","Skewer+1","Bouncing Flask+1","Backflip","Venomology+1","CurseOfTheBell","Deadly Poison+1","Malaise","Apotheosis+1","Doppelganger","Die Die Die","Skewer","Heel Hook","Footwork+1","Blade Dance","Backflip+1","Catalyst","Noxious Fumes+1","Blur+1","Dodge and Roll","Catalyst","Burst+1"],"relics":["Philosopher\u0027s Stone","FossilizedHelix","Old Coin","Lantern","Calling Bell","Boot","Eternal Feather","CaptainsWheel","Torii","Shuriken","Runic Pyramid","WingedGreaves","Happy Flower","Mango","Molten Egg 2","War Paint","Darkstone Periapt","HandDrill","Bottled Tornado"],"potions_floor_usage":[16,18,20,25,27,28,28,35,39,39,40,44,44,50,51,51,55,56,56],"damage_taken":[{"damage":9,"enemies":"Jaw Worm","floor":1,"turns":6},{"damage":0,"enemies":"Small Slimes","floor":2,"turns":5},{"damage":6,"enemies":"2 Louse","floor":5,"turns":4},{"damage":5,"enemies":"Red Slaver","floor":7,"turns":4},{"damage":0,"enemies":"Gremlin Nob","floor":10,"turns":4},{"damage":2,"enemies":"Blue Slaver","floor":11,"turns":4},{"damage":0,"enemies":"3 Louse","floor":12,"turns":3},{"damage":0,"enemies":"Lagavulin","floor":14,"turns":6},{"damage":21,"enemies":"Hexaghost","floor":16,"turns":9},{"damage":4,"enemies":"3 Byrds","floor":18,"turns":4},{"damage":0,"enemies":"Chosen","floor":20,"turns":4},{"damage":0,"enemies":"Centurion and Healer","floor":25,"turns":9},{"damage":10,"enemies":"Gremlin Leader","floor":27,"turns":6},{"damage":0,"enemies":"Snake Plant","floor":28,"turns":2},{"damage":0,"enemies":"Automaton","floor":33,"turns":9},{"damage":0,"enemies":"3 Darklings","floor":35,"turns":4},{"damage":0,"enemies":"Orb Walker","floor":36,"turns":3},{"damage":0,"enemies":"Sphere and 2 Shapes","floor":37,"turns":5},{"damage":34,"enemies":"2 Orb Walkers","floor":39,"turns":5},{"damage":1,"enemies":"Giant Head","floor":40,"turns":9},{"damage":0,"enemies":"Nemesis","floor":42,"turns":7},{"damage":0,"enemies":"Reptomancer","floor":44,"turns":5},{"damage":11,"enemies":"Nemesis","floor":45,"turns":6},{"damage":1,"enemies":"Giant Head","floor":47,"turns":6},{"damage":0,"enemies":"Jaw Worm Horde","floor":48,"turns":3},{"damage":2,"enemies":"Donu and Deca","floor":50,"turns":11},{"damage":10,"enemies":"Awakened One","floor":51,"turns":11},{"damage":80,"enemies":"Shield and Spear","floor":55,"turns":8},{"damage":1,"enemies":"The Heart","floor":56,"turns":3}],"seed_played":"-796144470633098352","potions_obtained":[{"floor":2,"key":"AttackPotion"},{"floor":5,"key":"GamblersBrew"},{"floor":12,"key":"Swift Potion"},{"floor":16,"key":"Strength Potion"},{"floor":20,"key":"Regen Potion"},{"floor":33,"key":"SteroidPotion"},{"floor":35,"key":"Regen Potion"},{"floor":37,"key":"Swift Potion"},{"floor":42,"key":"Swift Potion"},{"floor":45,"key":"LiquidMemories"},{"floor":47,"key":"DuplicationPotion"}],"is_trial":false,"path_per_floor":["M","M","?","$","M","R","M","R","T","E","M","M","?","E","R","B",null,"M","?","M","?","?","R","$","M","T","E","M","R","?","$","R","B",null,"M","M","M","?","?","E","R","E","T","E","E","R","E","M","R","B","B",null,"R","$","E","B"],"character_chosen":"THE_SILENT","items_purchased":["Well Laid Plans","Malaise","Apotheosis","Footwork","PowerPotion","HandDrill"],"campfire_rested":1,"item_purchase_floors":[24,24,24,31,54,54],"current_hp_per_floor":[50,50,30,30,24,24,19,38,38,38,36,36,36,36,36,15,53,49,49,49,49,31,40,40,55,55,45,45,57,57,57,69,69,71,71,71,71,67,33,47,62,76,76,76,65,81,80,80,81,79,69,78,81,81,1,0],"gold":63,"neow_bonus":"BOSS_RELIC","is_prod":false,"is_daily":false,"chose_seed":false,"campfire_upgraded":8,"win_rate":0,"timestamp":1647453336,"path_taken":["M","M","?","$","M","R","M","R","T","E","M","M","?","E","R","BOSS","M","?","?","?","?","R","$","M","T","E","M","R","?","$","R","BOSS","M","M","M","?","?","E","R","E","T","E","E","R","E","?","R","BOSS","BOSS","R","$","E","BOSS"],"build_version":"2022-03-07","purchased_purges":3,"victory":false,"max_hp_per_floor":[66,66,66,66,66,66,66,66,66,66,66,66,66,66,66,66,66,66,66,66,66,71,71,71,71,71,71,71,71,71,71,71,71,71,71,71,71,67,67,67,67,81,81,81,81,81,81,81,81,81,81,81,81,81,81,81],"relic_stats":{"Darkstone Periapt":0,"Torii":42,"Happy Flower":[20],"counters":[29,165],"Eternal Feather":68,"War Paint":["Bouncing Flask","Backflip"],"Bottled Tornado":"Footwork","Boot":[86],"Shuriken":[34],"WingedGreaves":2,"HandDrill":[0],"obtain_stats":[{"Darkstone Periapt":47,"Lantern":14,"Torii":26,"Happy Flower":40,"Eternal Feather":17,"Mango":42,"War Paint":45,"Bottled Tornado":55,"Boot":17,"Old Coin":10,"Calling Bell":17,"CaptainsWheel":17,"Shuriken":27,"Philosopher\u0027s Stone":0,"Molten Egg 2":44,"WingedGreaves":39,"HandDrill":54,"FossilizedHelix":9,"Ring of the Snake":0,"Runic Pyramid":34},{"Darkstone Periapt":24,"Lantern":8,"Torii":12,"Happy Flower":20,"Eternal Feather":9,"Mango":21,"War Paint":23,"Bottled Tornado":28,"Boot":9,"Old Coin":5,"Calling Bell":9,"CaptainsWheel":9,"Shuriken":13,"Philosopher\u0027s Stone":0,"Molten Egg 2":22,"WingedGreaves":19,"HandDrill":27,"FossilizedHelix":4,"Ring of the Snake":0,"Runic Pyramid":15},{"Darkstone Periapt":129,"Lantern":36,"Torii":62,"Happy Flower":105,"Eternal Feather":45,"Mango":112,"War Paint":123,"Bottled Tornado":162,"Boot":45,"Old Coin":23,"Calling Bell":45,"CaptainsWheel":45,"Shuriken":68,"Philosopher\u0027s Stone":0,"Molten Egg 2":117,"WingedGreaves":96,"HandDrill":154,"FossilizedHelix":19,"Ring of the Snake":0,"Runic Pyramid":79}],"FossilizedHelix":[320]},"card_choices":[{"not_picked":["Slice","Backflip"],"picked":"Leg Sweep","floor":1},{"not_picked":["Underhanded Strike","Slice"],"picked":"Crippling Poison","floor":2},{"not_picked":["Cloak And Dagger","Dagger Spray"],"picked":"All Out Attack","floor":5},{"not_picked":["Blur","Calculated Gamble"],"picked":"Skewer","floor":7},{"not_picked":["Endless Agony","Deflect","Setup"],"picked":"SKIP","floor":10},{"not_picked":["Endless Agony","Deflect","Setup"],"picked":"SKIP","floor":10},{"not_picked":["Dagger Spray","Quick Slash"],"picked":"Bouncing Flask","floor":11},{"not_picked":["Bane","Infinite Blades","Bullet Time"],"picked":"SKIP","floor":12},{"not_picked":["Bane","Infinite Blades","Bullet Time"],"picked":"SKIP","floor":12},{"not_picked":["Heel Hook","Backstab"],"picked":"Backflip","floor":14},{"not_picked":["Envenom","After Image"],"picked":"Venomology","floor":16},{"not_picked":["Caltrops","Bane"],"picked":"Deadly Poison+1","floor":18},{"not_picked":["Blade Dance","Underhanded Strike","Bane"],"picked":"SKIP","floor":20},{"not_picked":["Bane+1","Acrobatics"],"picked":"Doppelganger","floor":25},{"not_picked":["Flying Knee","Cloak And Dagger"],"picked":"Die Die Die","floor":27},{"not_picked":["Quick Slash","Dash","Caltrops"],"picked":"SKIP","floor":28},{"not_picked":["Quick Slash","Finisher"],"picked":"Blade Dance","floor":35},{"not_picked":["Crippling Poison","Dagger Throw"],"picked":"Backflip","floor":36},{"not_picked":["Dagger Throw","Dagger Spray"],"picked":"Catalyst","floor":37},{"not_picked":["Storm of Steel","Underhanded Strike"],"picked":"Noxious Fumes+1","floor":40},{"not_picked":["Finisher+1","Choke"],"picked":"Blur+1","floor":42},{"not_picked":["Tactician","Prepared"],"picked":"Dodge and Roll","floor":44},{"not_picked":["Poisoned Stab+1","Cloak And Dagger+1"],"picked":"Catalyst","floor":45},{"not_picked":["Distraction","Quick Slash+1"],"picked":"Burst","floor":47},{"not_picked":["Underhanded Strike+1","Distraction","Quick Slash+1"],"picked":"SKIP","floor":48},{"not_picked":["Skewer+1","Distraction","Riddle With Holes+1"],"picked":"SKIP","floor":55}],"player_experience":6482948,"relics_obtained":[{"floor":9,"key":"FossilizedHelix"},{"floor":10,"key":"Old Coin"},{"floor":14,"key":"Lantern"},{"floor":17,"key":"Boot"},{"floor":17,"key":"Eternal Feather"},{"floor":17,"key":"CaptainsWheel"},{"floor":26,"key":"Torii"},{"floor":27,"key":"Shuriken"},{"floor":39,"key":"WingedGreaves"},{"floor":40,"key":"Happy Flower"},{"floor":42,"key":"Mango"},{"floor":44,"key":"Molten Egg 2"},{"floor":45,"key":"War Paint"},{"floor":47,"key":"Darkstone Periapt"},{"floor":55,"key":"Bottled Tornado"}],"event_choices":[{"damage_healed":0,"gold_gain":0,"player_choice":"Entered Light","damage_taken":20,"max_hp_gain":0,"max_hp_loss":0,"event_name":"Shining Light","floor":3,"gold_loss":0,"cards_upgraded":["Leg Sweep","Defend_G"]},{"cards_removed":["Strike_G"],"damage_healed":0,"gold_gain":0,"player_choice":"Card Removal","damage_taken":0,"max_hp_gain":0,"max_hp_loss":0,"event_name":"The Cleric","floor":13,"gold_loss":75},{"cards_removed":["Strike_G"],"damage_healed":0,"gold_gain":0,"player_choice":"Offered Basic","damage_taken":0,"max_hp_gain":0,"max_hp_loss":0,"event_name":"Bonfire Elementals","floor":19,"gold_loss":0},{"cards_removed":["Strike_G"],"damage_healed":0,"gold_gain":0,"player_choice":"Elegance","damage_taken":0,"max_hp_gain":0,"max_hp_loss":0,"event_name":"Back to Basics","floor":21,"gold_loss":0},{"damage_healed":0,"gold_gain":0,"player_choice":"Shed Blood","damage_taken":23,"max_hp_gain":5,"max_hp_loss":0,"event_name":"Forgotten Altar","floor":22,"gold_loss":0},{"damage_healed":0,"gold_gain":0,"cards_transformed":["Strike_G","Defend_G"],"player_choice":"Became Test Subject","damage_taken":0,"max_hp_gain":0,"max_hp_loss":0,"event_name":"Drug Dealer","floor":30,"gold_loss":0,"cards_obtained":["Skewer","Heel Hook"]},{"damage_healed":0,"gold_gain":0,"player_choice":"Max HP","damage_taken":0,"max_hp_gain":0,"max_hp_loss":4,"event_name":"Winding Halls","floor":38,"gold_loss":0},{"damage_healed":0,"gold_gain":0,"player_choice":"Fight","damage_taken":0,"max_hp_gain":0,"max_hp_loss":0,"event_name":"Mysterious Sphere","floor":39,"gold_loss":0}],"is_beta":false,"boss_relics":[{"not_picked":["Ectoplasm","Velvet Choker"],"picked":"Calling Bell"},{"not_picked":["Runic Dome","Empty Cage"],"picked":"Runic Pyramid"}],"items_purged_floors":[4,24,54],"is_endless":false,"potions_floor_spawned":[2,5,11,12,16,20,25,33,35,37,42,45,47,48,55],"killed_by":"The Heart","ascension_level":20}