{"gold_per_floor":[109,259,334,353,367,367,387,129,152,152,227,245,276,31,31,31],"floor_reached":16,"playtime":1113,"items_purged":["Doubt","Strike_G"],"score":220,"play_id":"79541d23-8c79-4a61-962c-f033e3e28d09","local_time":"20220317122819","is_ascension_mode":true,"campfire_choices":[{"data":"All Out Attack","floor":6,"key":"SMITH"},{"data":"HandOfGreed","floor":10,"key":"SMITH"},{"floor":15,"key":"REST"}],"neow_cost":"NONE","seed_source_timestamp":1790248209131300,"circlet_count":0,"master_deck":["AscendersBane","Strike_G","Strike_G","Strike_G","Strike_G","Defend_G","Defend_G+1","Defend_G","Defend_G","Defend_G","Survivor+1","Neutralize","All Out Attack+1","Masterful Stab","Acrobatics","Crippling Poison","HandOfGreed+1","Die Die Die","Calculated Gamble"],"relics":["Sozu","Omamori","War Paint","MawBank","Toolbox"],"potions_floor_usage":[],"damage_taken":[{"damage":2,"enemies":"Small Slimes","floor":1,"turns":5},{"damage":0,"enemies":"2 Louse","floor":4,"turns":2},{"damage":0,"enemies":"Jaw Worm","floor":5,"turns":2},{"damage":4,"enemies":"Large Slime","floor":7,"turns":4},{"damage":10,"enemies":"3 Sentries","floor":11,"turns":5},{"damage":0,"enemies":"Blue Slaver","floor":12,"turns":3},{"damage":24,"enemies":"Lagavulin","floor":13,"turns":7},{"damage":34,"enemies":"Slime Boss","floor":16,"turns":6}],"seed_played":"-452726313561611147","potions_obtained":[],"is_trial":false,"path_per_floor":["M","?","?","M","M","R","M","$","T","R","E","M","E","$","R","B"],"character_chosen":"THE_SILENT","items_purchased":["HandOfGreed","Toolbox"],"campfire_rested":1,"item_purchase_floors":[8,14],"current_hp_per_floor":[57,57,46,46,46,46,42,42,42,42,32,32,8,8,27,0],"gold":31,"neow_bonus":"BOSS_RELIC","is_prod":false,"is_daily":false,"chose_seed":false,"campfire_upgraded":2,"win_rate":0,"timestamp":1647534499,"path_taken":["M","?","?","?","M","R","M","$","T","R","E","M","E","$","R","BOSS"],"build_version":"2022-03-07","purchased_purges":2,"victory":false,"max_hp_per_floor":[66,66,66,66,66,66,66,66,66,66,66,66,66,66,66,66],"relic_stats":{"Sozu":4,"counters":[8,34],"Omamori":0,"War Paint":["Survivor","Defend_G"],"MawBank":12,"obtain_stats":[{"Sozu":0,"Toolbox":14,"Omamori":9,"War Paint":11,"MawBank":13,"Ring of the Snake":0},{"Sozu":0,"Toolbox":7,"Omamori":4,"War Paint":5,"MawBank":7,"Ring of the Snake":0},{"Sozu":0,"Toolbox":28,"Omamori":13,"War Paint":18,"MawBank":28,"Ring of the Snake":0}]},"card_choices":[{"not_picked":["Blade Dance","Caltrops"],"picked":"All Out Attack","floor":1},{"not_picked":["Deflect","Setup"],"picked":"Masterful Stab","floor":4},{"not_picked":["Masterful Stab","Choke"],"picked":"Acrobatics","floor":5},{"not_picked":["Slice","Concentrate"],"picked":"Crippling Poison","floor":7},{"not_picked":["Bane","Escape Plan"],"picked":"Die Die Die","floor":11},{"not_picked":["All Out Attack","Slice"],"picked":"Calculated Gamble","floor":12}],"player_experience":6488503,"relics_obtained":[{"floor":9,"key":"Omamori"},{"floor":11,"key":"War Paint"},{"floor":13,"key":"MawBank"}],"event_choices":[{"damage_healed":0,"gold_gain":150,"player_choice":"AGREE","damage_taken":0,"max_hp_gain":0,"max_hp_loss":0,"event_name":"Liars Game","floor":2,"gold_loss":0,"cards_obtained":["Doubt"]},{"damage_healed":0,"gold_gain":75,"player_choice":"Gather Gold","damage_taken":11,"max_hp_gain":0,"max_hp_loss":0,"event_name":"World of Goop","floor":3,"gold_loss":0}],"is_beta":false,"boss_relics":[],"items_purged_floors":[8,14],"is_endless":false,"potions_floor_spawned":[1,4,12,13],"killed_by":"Slime Boss","ascension_level":20}