{"gold_per_floor":[17,30,46,46,65,65,77,77,102,128,140,205,205,205],"floor_reached":14,"playtime":3708,"items_purged":[],"score":184,"play_id":"174ba3d2-09b3-464b-99a4-93726966d06f","local_time":"20220326132956","is_ascension_mode":true,"campfire_choices":[{"data":"Skewer","floor":6,"key":"SMITH"},{"data":"Crippling Poison","floor":8,"key":"SMITH"}],"neow_cost":"NO_GOLD","seed_source_timestamp":2568909540186100,"circlet_count":0,"master_deck":["AscendersBane","Strike_G","Strike_G","Strike_G","Strike_G","Defend_G","Defend_G","Defend_G","Defend_G","Survivor","Neutralize","Flying Knee","Crippling Poison+1","Footwork","Skewer+1","Deadly Poison","PiercingWail","PiercingWail"],"relics":["Ring of the Snake","Strawberry","Tiny Chest","Juzu Bracelet","GremlinMask"],"potions_floor_usage":[5,5,10,12],"damage_taken":[{"damage":1,"enemies":"Cultist","floor":1,"turns":5},{"damage":1,"enemies":"2 Louse","floor":2,"turns":2},{"damage":1,"enemies":"Small Slimes","floor":3,"turns":3},{"damage":6,"enemies":"Gremlin Gang","floor":5,"turns":5},{"damage":3,"enemies":"Red Slaver","floor":7,"turns":2},{"damage":20,"enemies":"Lagavulin","floor":10,"turns":6},{"damage":11,"enemies":"Exordium Thugs","floor":11,"turns":4},{"damage":20,"enemies":"3 Sentries","floor":12,"turns":12},{"damage":9,"enemies":"Blue Slaver","floor":14,"turns":2}],"seed_played":"6469450613406970856","potions_obtained":[{"floor":2,"key":"SkillPotion"},{"floor":3,"key":"SkillPotion"},{"floor":5,"key":"PowerPotion"},{"floor":11,"key":"Dexterity Potion"}],"is_trial":false,"path_per_floor":["M","M","M","$","M","R","M","R","T","E","M","?","?","M"],"character_chosen":"THE_SILENT","items_purchased":[],"campfire_rested":0,"item_purchase_floors":[],"current_hp_per_floor":[58,57,56,56,50,50,47,47,54,34,23,3,3,0],"gold":205,"neow_bonus":"REMOVE_TWO","is_prod":false,"is_daily":false,"chose_seed":false,"campfire_upgraded":2,"win_rate":0,"timestamp":1648315796,"path_taken":["M","M","?","$","?","R","M","R","T","E","M","?","?","M"],"build_version":"2022-03-07","purchased_purges":0,"victory":false,"max_hp_per_floor":[66,66,66,66,66,66,66,66,73,73,73,73,73,73],"relic_stats":{"counters":[9,41],"Tiny Chest":0,"Juzu Bracelet":0,"obtain_stats":[{"Strawberry":9,"Tiny Chest":10,"GremlinMask":13,"Juzu Bracelet":12,"Ring of the Snake":0},{"Strawberry":5,"Tiny Chest":6,"GremlinMask":8,"Juzu Bracelet":8,"Ring of the Snake":0},{"Strawberry":17,"Tiny Chest":23,"GremlinMask":39,"Juzu Bracelet":39,"Ring of the Snake":0}],"Ring of the Snake":[18]},"card_choices":[{"not_picked":["Deflect","Cloak And Dagger"],"picked":"Flying Knee","floor":1},{"not_picked":["Dagger Throw","Outmaneuver"],"picked":"Crippling Poison","floor":2},{"not_picked":["Slice","Deflect"],"picked":"Footwork","floor":3},{"not_picked":["Slice","Dagger Spray"],"picked":"Skewer","floor":5},{"not_picked":["Bane","Dodge and Roll"],"picked":"Deadly Poison","floor":7},{"not_picked":["Noxious Fumes","Calculated Gamble"],"picked":"PiercingWail","floor":10},{"not_picked":["Blade Dance","Finisher","Underhanded Strike"],"picked":"SKIP","floor":11},{"not_picked":["Blade Dance","Finisher","Underhanded Strike"],"picked":"SKIP","floor":11},{"not_picked":["Blade Dance","Finisher","Underhanded Strike"],"picked":"SKIP","floor":11},{"not_picked":["Blade Dance","Finisher","Underhanded Strike"],"picked":"SKIP","floor":11},{"not_picked":["Blade Dance","Finisher","Underhanded Strike"],"picked":"SKIP","floor":11},{"not_picked":["Caltrops","Storm of Steel"],"picked":"PiercingWail","floor":12}],"player_experience":6575083,"relics_obtained":[{"floor":9,"key":"Strawberry"},{"floor":10,"key":"Tiny Chest"},{"floor":12,"key":"Juzu Bracelet"}],"event_choices":[{"damage_healed":0,"gold_gain":0,"player_choice":"Searched \u00272\u0027 times","damage_taken":0,"max_hp_gain":0,"max_hp_loss":0,"event_name":"Dead Adventurer","floor":12,"gold_loss":0},{"damage_healed":0,"gold_gain":0,"player_choice":"Trade","damage_taken":0,"relics_obtained":["GremlinMask"],"max_hp_gain":0,"max_hp_loss":0,"event_name":"FaceTrader","floor":13,"gold_loss":0}],"is_beta":false,"boss_relics":[],"items_purged_floors":[],"is_endless":false,"potions_floor_spawned":[2,3,5,11],"killed_by":"Blue Slaver","ascension_level":20}