{"gold_per_floor":[116,134,148,163,88,88,105,130,130,143,159,169,169,235,235,309,309,320,320,320,333,333,333,366,378,446,464,464,3,36,53,53,129,129,144,156,156,156,172,447,447,17,17,46,59,84,103,26,26,26,26,26,26,26,61,61],"floor_reached":56,"playtime":4633,"items_purged":["Defend_G","Strike_G+1","Regret"],"score":2352,"play_id":"4544831a-2359-4a79-a5ed-c58113817be1","local_time":"20220326173519","is_ascension_mode":true,"campfire_choices":[{"data":"Crippling Poison","floor":6,"key":"SMITH"},{"data":"Predator","floor":13,"key":"SMITH"},{"floor":15,"key":"REST"},{"floor":23,"key":"REST"},{"data":"RitualDagger","floor":28,"key":"SMITH"},{"data":"Terror","floor":32,"key":"SMITH"},{"data":"Acrobatics","floor":41,"key":"SMITH"},{"floor":49,"key":"RECALL"},{"floor":53,"key":"REST"}],"neow_cost":"NONE","seed_source_timestamp":2582706026577100,"circlet_count":0,"master_deck":["AscendersBane","Strike_G+1","Strike_G+1","Strike_G+1","Strike_G+1","Defend_G+1","Defend_G+1","Defend_G+1","Defend_G+1","Survivor","Neutralize","Terror+1","Crippling Poison+1","Acrobatics+1","Blade Dance","Predator+1","PiercingWail+1","Deadly Poison+1","Burst+1","Deflect+1","RitualDagger+1","PiercingWail+1","Acrobatics+1","Catalyst+1","Calculated Gamble+1","Dark Shackles+1","Burst+1","Setup+1","Adrenaline+1","Dodge and Roll+1","Cloak And Dagger+1","Calculated Gamble+1","Deadly Poison+1","Adrenaline+1","Reflex+1","Backflip+1","Bouncing Flask+1"],"relics":["Sozu","Toxic Egg 2","Anchor","Runic Pyramid","Potion Belt","Ornamental Fan","HornCleat","Kunai","SacredBark","Art of War","Mercury Hourglass","Regal Pillow","Bottled Flame"],"potions_floor_usage":[],"damage_taken":[{"damage":6,"enemies":"Small Slimes","floor":1,"turns":4},{"damage":7,"enemies":"2 Louse","floor":2,"turns":4},{"damage":0,"enemies":"Cultist","floor":3,"turns":4},{"damage":0,"enemies":"3 Louse","floor":4,"turns":4},{"damage":13,"enemies":"Exordium Thugs","floor":7,"turns":5},{"damage":12,"enemies":"Lagavulin","floor":8,"turns":5},{"damage":0,"enemies":"Blue Slaver","floor":10,"turns":3},{"damage":0,"enemies":"2 Fungi Beasts","floor":11,"turns":2},{"damage":0,"enemies":"3 Louse","floor":12,"turns":3},{"damage":13,"enemies":"Slime Boss","floor":16,"turns":7},{"damage":14,"enemies":"Shell Parasite","floor":18,"turns":4},{"damage":3,"enemies":"Spheric Guardian","floor":21,"turns":4},{"damage":8,"enemies":"Gremlin Leader","floor":24,"turns":5},{"damage":0,"enemies":"Snecko","floor":25,"turns":5},{"damage":0,"enemies":"3 Cultists","floor":27,"turns":6},{"damage":0,"enemies":"Book of Stabbing","floor":30,"turns":5},{"damage":6,"enemies":"Snake Plant","floor":31,"turns":5},{"damage":0,"enemies":"Collector","floor":33,"turns":5},{"damage":0,"enemies":"Orb Walker","floor":35,"turns":3},{"damage":0,"enemies":"3 Darklings","floor":36,"turns":4},{"damage":0,"enemies":"Sphere and 2 Shapes","floor":39,"turns":6},{"damage":0,"enemies":"Reptomancer","floor":44,"turns":5},{"damage":0,"enemies":"Transient","floor":45,"turns":6},{"damage":0,"enemies":"Nemesis","floor":46,"turns":5},{"damage":0,"enemies":"Spire Growth","floor":47,"turns":2},{"damage":16,"enemies":"Time Eater","floor":50,"turns":5},{"damage":0,"enemies":"Donu and Deca","floor":51,"turns":8},{"damage":32,"enemies":"Shield and Spear","floor":55,"turns":8},{"damage":59,"enemies":"The Heart","floor":56,"turns":5}],"seed_played":"-6545388322623934489","potions_obtained":[],"is_trial":false,"path_per_floor":["M","M","M","M","$","R","M","E","T","M","M","M","R","?","R","B",null,"M","?","?","M","?","R","E","M","T","M","R","$","E","M","R","B",null,"M","M","?","?","M","?","R","$","T","E","M","E","M","$","R","B","B",null,"R","$","E","B"],"character_chosen":"THE_SILENT","items_purchased":["HornCleat","Dark Shackles+1","Calculated Gamble+1","Deadly Poison+1","Art of War","Bouncing Flask+1"],"campfire_rested":3,"item_purchase_floors":[29,29,42,42,42,48],"current_hp_per_floor":[53,46,46,46,46,46,33,21,21,21,21,21,21,21,40,27,56,42,42,36,33,33,52,44,44,44,44,44,44,44,38,38,38,59,59,59,59,59,59,59,59,59,59,59,59,59,59,59,59,43,43,60,66,66,34,0],"gold":61,"neow_bonus":"BOSS_RELIC","is_prod":false,"is_daily":false,"chose_seed":false,"campfire_upgraded":5,"win_rate":0,"timestamp":1648330519,"path_taken":["M","M","M","M","$","R","M","E","T","M","M","M","R","?","R","BOSS","M","?","?","M","?","R","E","M","T","M","R","$","E","M","R","BOSS","M","M","?","?","?","?","R","$","T","E","M","E","M","?","R","BOSS","BOSS","R","$","E","BOSS"],"build_version":"2022-03-07","purchased_purges":3,"victory":false,"max_hp_per_floor":[66,66,66,66,66,66,66,66,66,66,66,66,66,66,66,66,66,66,66,66,66,66,66,66,66,66,66,66,66,66,66,66,66,66,66,66,66,66,66,66,66,66,66,66,66,66,66,66,66,66,66,66,66,66,66,66],"relic_stats":{"Sozu":12,"Regal Pillow":0,"Bottled Flame":"Predator","counters":[29,137],"Ornamental Fan":[144],"Art of War":[12],"Kunai":[33],"obtain_stats":[{"Potion Belt":24,"Regal Pillow":46,"SacredBark":34,"Mercury Hourglass":44,"Sozu":0,"Anchor":9,"Bottled Flame":55,"HornCleat":29,"Ornamental Fan":26,"Art of War":42,"Kunai":30,"Toxic Egg 2":8,"Ring of the Snake":0,"Runic Pyramid":17},{"Potion Belt":13,"Regal Pillow":24,"SacredBark":18,"Mercury Hourglass":22,"Sozu":0,"Anchor":6,"Bottled Flame":28,"HornCleat":15,"Ornamental Fan":14,"Art of War":21,"Kunai":16,"Toxic Egg 2":6,"Ring of the Snake":0,"Runic Pyramid":10},{"Potion Belt":54,"Regal Pillow":109,"SacredBark":80,"Mercury Hourglass":98,"Sozu":0,"Anchor":26,"Bottled Flame":132,"HornCleat":65,"Ornamental Fan":59,"Art of War":93,"Kunai":70,"Toxic Egg 2":26,"Ring of the Snake":0,"Runic Pyramid":41}],"Mercury Hourglass":[93]},"card_choices":[{"not_picked":["Infinite Blades","PiercingWail"],"picked":"Terror","floor":1},{"not_picked":["Sucker Punch","Blade Dance"],"picked":"Crippling Poison","floor":2},{"not_picked":["Storm of Steel","Dodge and Roll"],"picked":"Acrobatics","floor":3},{"not_picked":["Acrobatics","Endless Agony"],"picked":"Infinite Blades","floor":4},{"not_picked":["Dagger Spray","PiercingWail"],"picked":"Blade Dance","floor":7},{"not_picked":["Deflect+1","Slice","Poisoned Stab"],"picked":"SKIP","floor":8},{"not_picked":["Deflect+1","Slice","Poisoned Stab"],"picked":"SKIP","floor":8},{"not_picked":["Quick Slash","Setup+1"],"picked":"Predator","floor":10},{"not_picked":["Dagger Throw","Sucker Punch"],"picked":"PiercingWail+1","floor":11},{"not_picked":["Caltrops","Sucker Punch"],"picked":"Deadly Poison+1","floor":12},{"not_picked":["Bullet Time+1","Die Die Die"],"picked":"Burst+1","floor":16},{"not_picked":["Bane","Flying Knee"],"picked":"Deflect+1","floor":18},{"not_picked":["Caltrops","Sucker Punch","Dagger Spray"],"picked":"SKIP","floor":21},{"not_picked":["Well Laid Plans","Caltrops"],"picked":"Acrobatics+1","floor":24},{"not_picked":["Outmaneuver+1","All Out Attack+1"],"picked":"Catalyst+1","floor":25},{"not_picked":["PiercingWail+1","Dagger Spray+1"],"picked":"Calculated Gamble+1","floor":27},{"not_picked":["Doppelganger+1","Footwork"],"picked":"Burst+1","floor":30},{"not_picked":["Accuracy","Acrobatics+1"],"picked":"Setup+1","floor":31},{"not_picked":["Unload","After Image"],"picked":"Adrenaline+1","floor":33},{"not_picked":["Deflect+1","Bane"],"picked":"Dodge and Roll+1","floor":35},{"not_picked":["Crippling Poison+1","Prepared+1"],"picked":"Cloak And Dagger+1","floor":36},{"not_picked":["Unload","Dodge and Roll+1","Backstab+1"],"picked":"SKIP","floor":39},{"not_picked":["Crippling Poison+1","Prepared+1"],"picked":"Adrenaline+1","floor":44},{"not_picked":["Flechettes+1","Flying Knee"],"picked":"Reflex+1","floor":45},{"not_picked":["Escape Plan+1","Infinite Blades"],"picked":"Backflip+1","floor":46},{"not_picked":["Sucker Punch+1","Quick Slash","Outmaneuver+1"],"picked":"SKIP","floor":47},{"not_picked":["Prepared+1","Dagger Throw","Flying Knee+1"],"picked":"SKIP","floor":55}],"player_experience":6588134,"relics_obtained":[{"floor":8,"key":"Toxic Egg 2"},{"floor":9,"key":"Anchor"},{"floor":24,"key":"Potion Belt"},{"floor":26,"key":"Ornamental Fan"},{"floor":30,"key":"Kunai"},{"floor":44,"key":"Mercury Hourglass"},{"floor":46,"key":"Regal Pillow"},{"floor":55,"key":"Bottled Flame"}],"event_choices":[{"damage_healed":0,"gold_gain":66,"player_choice":"Gained Gold","damage_taken":0,"max_hp_gain":0,"max_hp_loss":0,"event_name":"Golden Wing","floor":14,"gold_loss":0},{"damage_healed":0,"gold_gain":0,"player_choice":"Simplicity","damage_taken":0,"max_hp_gain":0,"max_hp_loss":0,"event_name":"Back to Basics","floor":19,"gold_loss":0,"cards_upgraded":["Strike_G","Strike_G","Strike_G","Strike_G","Strike_G","Defend_G","Defend_G","Defend_G","Defend_G"]},{"damage_healed":0,"gold_gain":0,"player_choice":"Joined the Cult","damage_taken":6,"max_hp_gain":0,"max_hp_loss":0,"event_name":"Nest","floor":20,"gold_loss":0,"cards_obtained":["RitualDagger"]},{"damage_healed":0,"gold_gain":0,"player_choice":"Read","damage_taken":0,"max_hp_gain":0,"max_hp_loss":0,"event_name":"The Library","floor":22,"gold_loss":0,"cards_obtained":["PiercingWail"]},{"cards_removed":["Infinite Blades"],"damage_healed":0,"gold_gain":0,"player_choice":"Removed Power","damage_taken":0,"max_hp_gain":0,"max_hp_loss":0,"event_name":"Falling","floor":37,"gold_loss":0},{"damage_healed":0,"gold_gain":0,"player_choice":"0 cards matched","damage_taken":0,"max_hp_gain":0,"max_hp_loss":0,"event_name":"Match and Keep!","floor":38,"gold_loss":0,"cards_obtained":[]},{"damage_healed":0,"gold_gain":275,"player_choice":"Desecrate","damage_taken":0,"max_hp_gain":0,"max_hp_loss":0,"event_name":"Golden Shrine","floor":40,"gold_loss":0,"cards_obtained":["Regret"]}],"is_beta":false,"boss_relics":[{"not_picked":["Fusion Hammer","Empty Cage"],"picked":"Runic Pyramid"},{"not_picked":["Snecko Eye","Runic Dome"],"picked":"SacredBark"}],"items_purged_floors":[5,29,42],"is_endless":false,"potions_floor_spawned":[1,8,10,16,18,21,27,31,39,44,45,46],"killed_by":"The Heart","ascension_level":20}