{"gold_per_floor":[15,27,46,58,58,58,102,102,171,206,225,248,248,41,41,130,130,149,74,90,90,90,90,125,125,125,165,215,239,239,270,270,369,369,388,409,430,453,20,56,56,91,91,135,135,166,166,205,205,205,205,205,205,80,124,124],"floor_reached":57,"playtime":5867,"items_purged":["Strike_G","Strike_G","Strike_G"],"score":3332,"play_id":"6effaa89-a9b0-4494-a2e5-3c2c911d102e","local_time":"20220412174657","is_ascension_mode":true,"campfire_choices":[{"data":"Dash","floor":6,"key":"SMITH"},{"data":"Crippling Poison","floor":8,"key":"SMITH"},{"data":"Acrobatics","floor":13,"key":"SMITH"},{"floor":15,"key":"REST"},{"data":"Reflex","floor":23,"key":"SMITH"},{"data":"Acrobatics","floor":25,"key":"SMITH"},{"data":"Tools of the Trade","floor":30,"key":"SMITH"},{"data":"Venomology","floor":32,"key":"SMITH"},{"data":"Catalyst","floor":41,"key":"SMITH"},{"floor":49,"key":"RECALL"},{"data":"Wraith Form v2","floor":53,"key":"SMITH"}],"neow_cost":"NO_GOLD","seed_source_timestamp":620484074059300,"circlet_count":0,"master_deck":["AscendersBane","Defend_G","Defend_G","Defend_G","Defend_G","Defend_G","Survivor","Neutralize","Blade Dance","Poisoned Stab","Poisoned Stab","Dash+1","Crippling Poison+1","Dagger Throw","Storm of Steel","Acrobatics+1","Reflex+1","Backflip","Venomology+1","Calculated Gamble+1","After Image","PiercingWail+1","Acrobatics+1","Tools of the Trade+1","Envenom","After Image","Catalyst+1","Well Laid Plans","Tactician+1","Wraith Form v2+1","PiercingWail","Reflex+1","Calculated Gamble+1","Acrobatics+1"],"relics":["Ring of the Snake","Golden Idol","Tingsha","Question Card","Juzu Bracelet","Orrery","Philosopher\u0027s Stone","MutagenicStrength","Meat on the Bone","Ginger","Mummified Hand","Empty Cage","Snake Skull","Sling","Gambling Chip","Girya","Dead Branch","Thread and Needle","Ancient Tea Set","Mercury Hourglass"],"potions_floor_usage":[11,12,20,24,27,31,35,36,37,38,40,40,44,46,48,50,51,56],"damage_taken":[{"damage":3,"enemies":"Cultist","floor":1,"turns":5},{"damage":1,"enemies":"2 Louse","floor":2,"turns":4},{"damage":0,"enemies":"Small Slimes","floor":3,"turns":2},{"damage":2,"enemies":"Red Slaver","floor":4,"turns":4},{"damage":32,"enemies":"Lagavulin","floor":7,"turns":6},{"damage":30,"enemies":"3 Sentries","floor":10,"turns":9},{"damage":0,"enemies":"Blue Slaver","floor":11,"turns":3},{"damage":2,"enemies":"Exordium Wildlife","floor":12,"turns":2},{"damage":17,"enemies":"Hexaghost","floor":16,"turns":9},{"damage":0,"enemies":"Chosen","floor":18,"turns":3},{"damage":1,"enemies":"Shell Parasite","floor":20,"turns":6},{"damage":1,"enemies":"Gremlin Leader","floor":24,"turns":6},{"damage":18,"enemies":"Book of Stabbing","floor":27,"turns":4},{"damage":4,"enemies":"Snecko","floor":29,"turns":4},{"damage":0,"enemies":"Gremlin Leader","floor":31,"turns":5},{"damage":24,"enemies":"Automaton","floor":33,"turns":8},{"damage":0,"enemies":"Orb Walker","floor":35,"turns":3},{"damage":0,"enemies":"3 Shapes","floor":36,"turns":3},{"damage":1,"enemies":"Writhing Mass","floor":37,"turns":6},{"damage":2,"enemies":"Transient","floor":38,"turns":6},{"damage":4,"enemies":"Reptomancer","floor":40,"turns":6},{"damage":0,"enemies":"Nemesis","floor":42,"turns":4},{"damage":0,"enemies":"Reptomancer","floor":44,"turns":3},{"damage":0,"enemies":"Giant Head","floor":46,"turns":4},{"damage":0,"enemies":"Nemesis","floor":48,"turns":3},{"damage":0,"enemies":"Awakened One","floor":50,"turns":9},{"damage":15,"enemies":"Donu and Deca","floor":51,"turns":6},{"damage":0,"enemies":"Shield and Spear","floor":55,"turns":6},{"damage":17,"enemies":"The Heart","floor":56,"turns":5}],"seed_played":"6054049084266652123","potions_obtained":[{"floor":3,"key":"SpeedPotion"},{"floor":10,"key":"CunningPotion"},{"floor":12,"key":"Poison Potion"},{"floor":16,"key":"SkillPotion"},{"floor":24,"key":"Energy Potion"},{"floor":29,"key":"DuplicationPotion"},{"floor":33,"key":"PowerPotion"},{"floor":42,"key":"PowerPotion"},{"floor":48,"key":"SpeedPotion"}],"is_trial":false,"path_per_floor":["M","M","M","M","?","R","E","R","T","E","M","M","R","$","R","B",null,"M","$","M","?","?","R","E","R","T","E","?","M","R","E","R","B",null,"M","M","M","M","$","E","R","E","T","E","?","E","?","E","R","B","B",null,"R","$","E","B",null],"character_chosen":"THE_SILENT","items_purchased":["Orrery","Calculated Gamble","Snake Skull","Sling"],"campfire_rested":1,"item_purchase_floors":[14,14,39,39],"current_hp_per_floor":[68,67,67,65,65,65,33,33,33,3,3,1,1,1,22,5,55,55,55,54,54,54,54,53,53,53,47,47,43,43,58,58,46,65,65,65,64,62,62,58,58,58,58,58,58,58,58,58,58,58,43,64,64,64,64,47],"gold":124,"neow_bonus":"TWENTY_PERCENT_HP_BONUS","is_prod":false,"is_daily":false,"chose_seed":false,"campfire_upgraded":9,"win_rate":0,"timestamp":1649800017,"path_taken":["M","M","?","M","?","R","E","R","T","E","M","M","R","$","R","BOSS","M","$","M","?","?","R","E","R","T","E","?","M","R","E","R","BOSS","M","M","M","M","$","E","R","E","T","E","?","E","?","E","R","BOSS","BOSS","R","$","E","BOSS"],"build_version":"2022-03-07","purchased_purges":3,"victory":true,"max_hp_per_floor":[78,78,78,78,71,71,71,71,71,71,71,71,71,71,71,71,71,71,71,71,71,71,71,71,71,71,71,71,71,71,71,71,71,71,71,71,71,71,71,71,71,71,71,71,71,71,71,71,71,71,71,71,71,71,71,71],"relic_stats":{"Girya":0,"counters":[29,144],"Golden Idol":215,"Dead Branch":[130],"Tingsha":[1753],"Snake Skull":[247],"Juzu Bracelet":1,"Ginger":[9],"Question Card":26,"Ancient Tea Set":[4],"Mercury Hourglass":[12],"Mummified Hand":[101],"Gambling Chip":[35],"obtain_stats":[{"Girya":42,"Golden Idol":5,"Dead Branch":44,"Tingsha":7,"Thread and Needle":46,"Snake Skull":39,"Juzu Bracelet":10,"Ginger":27,"Question Card":9,"Empty Cage":34,"Sling":39,"Ancient Tea Set":48,"Mercury Hourglass":55,"Mummified Hand":31,"MutagenicStrength":22,"Gambling Chip":40,"Orrery":14,"Philosopher\u0027s Stone":17,"Ring of the Snake":0,"Meat on the Bone":26},{"Girya":22,"Golden Idol":4,"Dead Branch":23,"Tingsha":5,"Thread and Needle":24,"Snake Skull":20,"Juzu Bracelet":6,"Ginger":13,"Question Card":5,"Empty Cage":16,"Sling":20,"Ancient Tea Set":25,"Mercury Hourglass":28,"Mummified Hand":15,"MutagenicStrength":11,"Gambling Chip":21,"Orrery":8,"Philosopher\u0027s Stone":9,"Ring of the Snake":0,"Meat on the Bone":12},{"Girya":108,"Golden Idol":15,"Dead Branch":111,"Tingsha":21,"Thread and Needle":115,"Snake Skull":98,"Juzu Bracelet":30,"Ginger":63,"Question Card":21,"Empty Cage":80,"Sling":98,"Ancient Tea Set":118,"Mercury Hourglass":139,"Mummified Hand":72,"MutagenicStrength":53,"Gambling Chip":104,"Orrery":35,"Philosopher\u0027s Stone":44,"Ring of the Snake":0,"Meat on the Bone":59}],"Ring of the Snake":[58],"Meat on the Bone":24},"card_choices":[{"not_picked":["Catalyst","Outmaneuver"],"picked":"Blade Dance","floor":1},{"not_picked":["Flying Knee","Underhanded Strike"],"picked":"Poisoned Stab","floor":2},{"not_picked":["Cloak And Dagger","PiercingWail"],"picked":"Poisoned Stab","floor":3},{"not_picked":["Quick Slash","Escape Plan"],"picked":"Dash","floor":4},{"not_picked":["PiercingWail","Accuracy"],"picked":"Crippling Poison","floor":7},{"not_picked":["Deflect","Distraction","Crippling Poison"],"picked":"Dagger Throw","floor":10},{"not_picked":["Eviscerate","Flechettes","Deflect"],"picked":"Storm of Steel","floor":11},{"not_picked":["Blur","Backflip","Deadly Poison"],"picked":"Acrobatics","floor":12},{"not_picked":["Outmaneuver","Dagger Spray","Dagger Throw"],"picked":"Reflex","floor":14},{"not_picked":["Dagger Throw","Deflect","Finisher"],"picked":"Backflip","floor":14},{"not_picked":["Catalyst","Dodge and Roll","Masterful Stab"],"picked":"Venomology","floor":14},{"not_picked":["Grand Finale","Die Die Die","Glass Knife"],"picked":"After Image","floor":16},{"not_picked":["Backflip","Crippling Poison","Dodge and Roll"],"picked":"PiercingWail+1","floor":18},{"not_picked":["Escape Plan","Skewer","Outmaneuver"],"picked":"Acrobatics","floor":20},{"not_picked":["Riddle With Holes","Quick Slash","Deflect","Backstab"],"picked":"SKIP","floor":24},{"not_picked":["Quick Slash","Dagger Throw","Flying Knee"],"picked":"Tools of the Trade","floor":27},{"not_picked":["Finisher","Acrobatics","Setup","Dodge and Roll"],"picked":"SKIP","floor":29},{"not_picked":["Finisher","Acrobatics","Setup","Dodge and Roll"],"picked":"SKIP","floor":29},{"not_picked":["Bullet Time","Underhanded Strike","Skewer"],"picked":"Envenom","floor":31},{"not_picked":["Wraith Form v2","A Thousand Cuts","Tools of the Trade"],"picked":"After Image","floor":33},{"not_picked":["PiercingWail+1","Outmaneuver+1","Caltrops"],"picked":"Catalyst","floor":35},{"not_picked":["Masterful Stab","Outmaneuver","Blade Dance","Flying Knee"],"picked":"SKIP","floor":36},{"not_picked":["Terror","Skewer+1","Backflip+1"],"picked":"Well Laid Plans","floor":37},{"not_picked":["Catalyst","Concentrate","Sucker Punch","Underhanded Strike"],"picked":"SKIP","floor":38},{"not_picked":["Outmaneuver+1","Glass Knife","Grand Finale"],"picked":"Tactician+1","floor":40},{"not_picked":["Crippling Poison","Cloak And Dagger+1","Backflip"],"picked":"Wraith Form v2","floor":42},{"not_picked":["Leg Sweep+1","Acrobatics","Underhanded Strike+1"],"picked":"PiercingWail","floor":44},{"not_picked":["Burst","Backstab","Heel Hook"],"picked":"Reflex+1","floor":46},{"not_picked":["Slice","Blade Dance","Dash+1"],"picked":"Acrobatics+1","floor":48},{"not_picked":["Concentrate","Caltrops","Choke+1","Glass Knife"],"picked":"SKIP","floor":55}],"player_experience":6646797,"relics_obtained":[{"floor":7,"key":"Tingsha"},{"floor":9,"key":"Question Card"},{"floor":10,"key":"Juzu Bracelet"},{"floor":26,"key":"Meat on the Bone"},{"floor":27,"key":"Ginger"},{"floor":31,"key":"Mummified Hand"},{"floor":40,"key":"Gambling Chip"},{"floor":42,"key":"Girya"},{"floor":44,"key":"Dead Branch"},{"floor":46,"key":"Thread and Needle"},{"floor":48,"key":"Ancient Tea Set"},{"floor":55,"key":"Mercury Hourglass"}],"event_choices":[{"damage_healed":0,"gold_gain":0,"player_choice":"Lose Max HP","damage_taken":0,"relics_obtained":["Golden Idol"],"max_hp_gain":0,"max_hp_loss":7,"event_name":"Golden Idol","floor":5,"gold_loss":0},{"damage_healed":0,"gold_gain":0,"player_choice":"Upgraded","damage_taken":0,"max_hp_gain":0,"max_hp_loss":0,"event_name":"Upgrade Shrine","floor":21,"gold_loss":0,"cards_upgraded":["Calculated Gamble"]},{"damage_healed":0,"gold_gain":0,"player_choice":"Inject Mutagens","damage_taken":0,"relics_obtained":["MutagenicStrength"],"max_hp_gain":0,"max_hp_loss":0,"event_name":"Drug Dealer","floor":22,"gold_loss":0},{"damage_healed":0,"gold_gain":50,"player_choice":"Stole From Cult","damage_taken":0,"max_hp_gain":0,"max_hp_loss":0,"event_name":"Nest","floor":28,"gold_loss":0},{"damage_healed":0,"gold_gain":0,"player_choice":"Ignored","damage_taken":0,"max_hp_gain":0,"max_hp_loss":0,"event_name":"Tomb of Lord Red Mask","floor":45,"gold_loss":0},{"damage_healed":0,"gold_gain":0,"player_choice":"Copied","damage_taken":0,"max_hp_gain":0,"max_hp_loss":0,"event_name":"Duplicator","floor":47,"gold_loss":0,"cards_obtained":["Calculated Gamble"]}],"is_beta":false,"boss_relics":[{"not_picked":["Runic Dome","Sozu"],"picked":"Philosopher\u0027s Stone"},{"not_picked":["Fusion Hammer","WristBlade"],"picked":"Empty Cage"}],"items_purged_floors":[19,39,54],"is_endless":false,"potions_floor_spawned":[3,10,12,16,24,29,33,36,42,48,55],"ascension_level":20}