{"gold_per_floor":[119,132,151,37,37,37,54,79,79,104,104,119,136,166,178,263,275,303,230,242,254,316,328,359,406,418,462,82,82,100,116,116,193,193,205,216,271,290,315,350,350,350,350,380,380,398,132,151,151,151,151,151,151,14,43,43],"floor_reached":57,"playtime":6962,"items_purged":["Strike_G","Strike_G+1","Strike_G+1","Strike_G+1"],"score":3090,"play_id":"1f2de10d-33da-43e5-ac1a-c9333cb139c4","local_time":"20220406141412","is_ascension_mode":true,"campfire_choices":[{"data":"Blade Dance","floor":6,"key":"SMITH"},{"data":"Dramatic Entrance","floor":11,"key":"SMITH"},{"data":"Prepared","floor":15,"key":"SMITH"},{"data":"Adrenaline","floor":23,"key":"SMITH"},{"data":"Eviscerate","floor":29,"key":"SMITH"},{"data":"Well Laid Plans","floor":32,"key":"SMITH"},{"data":"Acrobatics","floor":42,"key":"SMITH"},{"floor":49,"key":"RECALL"},{"data":"Doppelganger","floor":53,"key":"SMITH"}],"neow_cost":"NONE","seed_source_timestamp":88216529519300,"circlet_count":0,"master_deck":["AscendersBane","Strike_G+1","Defend_G+1","Defend_G+1","Defend_G+1","Defend_G+1","Defend_G+1","Survivor","Neutralize","Dramatic Entrance+1","Blade Dance+1","Flying Knee","Doppelganger","Backstab","Dagger Throw","Acrobatics","Prepared+1","Eviscerate+1","Adrenaline+1","Doppelganger+1","Malaise","Terror+1","Acrobatics+1","Concentrate","Well Laid Plans+1","Reflex","Adrenaline","Cloak And Dagger+1","Envenom","Reflex+1","Acrobatics+1","Accuracy+1","Leg Sweep","Adrenaline","Flechettes","Blade Dance+1","Footwork","Cloak And Dagger+1"],"relics":["Ring of the Snake","Tough Bandages","Pocketwatch","Prayer Wheel","MawBank","SlaversCollar","MealTicket","Smiling Mask","Lantern","Pantograph","Ice Cream","WristBlade","Tingsha","Ginger","Centennial Puzzle","War Paint","Snake Skull","Boot"],"potions_floor_usage":[7,8,10,16,25,33,37,56],"damage_taken":[{"damage":0,"enemies":"Cultist","floor":1,"turns":4},{"damage":14,"enemies":"Jaw Worm","floor":2,"turns":5},{"damage":0,"enemies":"Small Slimes","floor":3,"turns":2},{"damage":6,"enemies":"Exordium Wildlife","floor":7,"turns":6},{"damage":5,"enemies":"Lagavulin","floor":8,"turns":5},{"damage":0,"enemies":"3 Sentries","floor":10,"turns":3},{"damage":0,"enemies":"2 Fungi Beasts","floor":12,"turns":1},{"damage":0,"enemies":"Large Slime","floor":13,"turns":3},{"damage":2,"enemies":"Lagavulin","floor":14,"turns":6},{"damage":18,"enemies":"Hexaghost","floor":16,"turns":8},{"damage":0,"enemies":"3 Byrds","floor":18,"turns":4},{"damage":0,"enemies":"2 Thieves","floor":24,"turns":4},{"damage":0,"enemies":"Book of Stabbing","floor":25,"turns":9},{"damage":0,"enemies":"Gremlin Leader","floor":27,"turns":3},{"damage":0,"enemies":"Cultist and Chosen","floor":30,"turns":4},{"damage":1,"enemies":"Snake Plant","floor":31,"turns":3},{"damage":0,"enemies":"Automaton","floor":33,"turns":8},{"damage":1,"enemies":"3 Darklings","floor":35,"turns":3},{"damage":0,"enemies":"3 Shapes","floor":36,"turns":3},{"damage":30,"enemies":"2 Orb Walkers","floor":37,"turns":4},{"damage":0,"enemies":"Maw","floor":38,"turns":5},{"damage":0,"enemies":"Mind Bloom Boss Battle","floor":39,"turns":5},{"damage":0,"enemies":"Nemesis","floor":40,"turns":5},{"damage":0,"enemies":"Giant Head","floor":44,"turns":2},{"damage":3,"enemies":"4 Shapes","floor":46,"turns":4},{"damage":1,"enemies":"3 Darklings","floor":48,"turns":3},{"damage":15,"enemies":"Awakened One","floor":50,"turns":7},{"damage":10,"enemies":"Donu and Deca","floor":51,"turns":4},{"damage":8,"enemies":"Shield and Spear","floor":55,"turns":4},{"damage":49,"enemies":"The Heart","floor":56,"turns":7}],"seed_played":"4089148379548265703","potions_obtained":[{"floor":2,"key":"BlessingOfTheForge"},{"floor":5,"key":"SteroidPotion"},{"floor":5,"key":"Regen Potion"},{"floor":7,"key":"SteroidPotion"},{"floor":8,"key":"PowerPotion"},{"floor":16,"key":"SpeedPotion"},{"floor":24,"key":"LiquidBronze"},{"floor":27,"key":"FairyPotion"},{"floor":33,"key":"Dexterity Potion"},{"floor":38,"key":"GamblersBrew"}],"is_trial":false,"path_per_floor":["M","M","M","$","?","R","M","E","T","E","R","M","M","E","R","B",null,"M","?","?","?","?","R","M","E","T","E","$","R","M","M","R","B",null,"M","M","?","M","?","E","?","R","T","E","?","M","$","M","R","B","B",null,"R","$","E","B",null],"character_chosen":"THE_SILENT","items_purchased":["Predator","Ice Cream","Snake Skull","Flechettes","Footwork"],"campfire_rested":0,"item_purchase_floors":[4,28,47,47,54],"current_hp_per_floor":[59,45,45,45,45,45,54,49,49,49,49,49,49,47,47,29,57,57,57,57,57,57,57,57,57,57,57,66,66,66,65,65,66,66,65,65,35,35,60,60,60,60,60,60,56,53,66,65,65,51,56,64,64,66,58,17],"gold":43,"neow_bonus":"RANDOM_COLORLESS","is_prod":false,"is_daily":false,"chose_seed":false,"campfire_upgraded":8,"win_rate":0,"timestamp":1649268852,"path_taken":["M","M","M","$","?","R","M","E","T","E","R","M","M","E","R","BOSS","M","?","?","?","?","R","M","E","T","E","$","R","M","M","R","BOSS","M","M","?","M","?","E","?","R","T","E","?","M","$","M","R","BOSS","BOSS","R","$","E","BOSS"],"build_version":"2022-03-07","purchased_purges":4,"victory":true,"max_hp_per_floor":[66,66,66,66,66,66,66,66,66,66,66,66,66,66,66,66,66,66,66,66,66,66,66,66,66,66,66,66,66,66,66,66,66,66,66,66,66,66,66,66,66,66,66,66,66,66,66,66,66,66,66,66,66,66,66,66],"relic_stats":{"Ice Cream":[44],"counters":[30,134],"Tingsha":[410],"Snake Skull":[148],"Ginger":[2],"War Paint":["Acrobatics","Reflex"],"MawBank":168,"Smiling Mask":225,"Boot":[0],"Tough Bandages":[753],"Centennial Puzzle":[17],"Pantograph":50,"Prayer Wheel":11,"MealTicket":24,"obtain_stats":[{"Ice Cream":28,"Lantern":26,"Tingsha":37,"Snake Skull":47,"Ginger":39,"War Paint":44,"MawBank":14,"Smiling Mask":25,"Boot":55,"SlaversCollar":17,"Tough Bandages":8,"Centennial Puzzle":40,"WristBlade":34,"Pantograph":27,"Prayer Wheel":10,"MealTicket":19,"Ring of the Snake":0,"Pocketwatch":9},{"Ice Cream":14,"Lantern":13,"Tingsha":20,"Snake Skull":25,"Ginger":22,"War Paint":24,"MawBank":9,"Smiling Mask":13,"Boot":29,"SlaversCollar":10,"Tough Bandages":5,"Centennial Puzzle":23,"WristBlade":17,"Pantograph":14,"Prayer Wheel":6,"MealTicket":11,"Ring of the Snake":0,"Pocketwatch":5},{"Ice Cream":63,"Lantern":60,"Tingsha":88,"Snake Skull":109,"Ginger":98,"War Paint":105,"MawBank":35,"Smiling Mask":60,"Boot":127,"SlaversCollar":43,"Tough Bandages":22,"Centennial Puzzle":103,"WristBlade":78,"Pantograph":63,"Prayer Wheel":25,"MealTicket":47,"Ring of the Snake":0,"Pocketwatch":22}],"Ring of the Snake":[60],"Pocketwatch":[69]},"card_choices":[{"not_picked":["Trip","Dark Shackles"],"picked":"Dramatic Entrance","floor":0},{"not_picked":["Acrobatics","Quick Slash"],"picked":"Blade Dance","floor":1},{"not_picked":["Tactician","Distraction"],"picked":"Flying Knee","floor":2},{"not_picked":["Quick Slash","Sucker Punch"],"picked":"Doppelganger","floor":3},{"not_picked":["Masterful Stab","Acrobatics"],"picked":"Backstab","floor":7},{"not_picked":["Dodge and Roll","Prepared"],"picked":"Dagger Throw","floor":8},{"not_picked":["PiercingWail","Reflex"],"picked":"Acrobatics","floor":10},{"not_picked":["Cloak And Dagger","Bane"],"picked":"Prepared","floor":12},{"not_picked":["Expertise","Backflip"],"picked":"Eviscerate","floor":12},{"not_picked":["Blade Dance","Dash"],"picked":"Adrenaline","floor":13},{"not_picked":["Slice","Dodge and Roll","Accuracy"],"picked":"SKIP","floor":13},{"not_picked":["Bane","Catalyst"],"picked":"Doppelganger","floor":14},{"not_picked":["Glass Knife","Burst"],"picked":"Malaise","floor":16},{"not_picked":["Blur","Backflip","Quick Slash"],"picked":"SKIP","floor":18},{"not_picked":["Predator+1","Catalyst","Dagger Throw"],"picked":"SKIP","floor":18},{"not_picked":["Deadly Poison+1","Cloak And Dagger"],"picked":"Terror+1","floor":24},{"not_picked":["Footwork","Bane","Infinite Blades"],"picked":"SKIP","floor":24},{"not_picked":["Noxious Fumes","Deflect"],"picked":"Acrobatics","floor":25},{"not_picked":["Backflip","Blade Dance","Infinite Blades"],"picked":"SKIP","floor":27},{"not_picked":["Poisoned Stab","Terror"],"picked":"Concentrate","floor":30},{"not_picked":["Dagger Throw","Riddle With Holes","Deadly Poison"],"picked":"SKIP","floor":30},{"not_picked":["Flying Knee","Slice"],"picked":"Well Laid Plans","floor":31},{"not_picked":["Glass Knife","Blade Dance+1"],"picked":"Reflex","floor":31},{"not_picked":["Die Die Die","Storm of Steel"],"picked":"Adrenaline","floor":33},{"not_picked":["Bouncing Flask","Underhanded Strike"],"picked":"Cloak And Dagger+1","floor":35},{"not_picked":["Slice","Flying Knee","Crippling Poison"],"picked":"SKIP","floor":35},{"not_picked":["Deadly Poison+1","Blade Dance"],"picked":"Envenom","floor":36},{"not_picked":["Underhanded Strike","All Out Attack","Dagger Throw+1"],"picked":"SKIP","floor":36},{"not_picked":["Underhanded Strike","All Out Attack","Dagger Throw+1"],"picked":"SKIP","floor":36},{"not_picked":["Flechettes+1","All Out Attack"],"picked":"Reflex","floor":38},{"not_picked":["Quick Slash+1","Deadly Poison"],"picked":"Acrobatics","floor":38},{"not_picked":["Bane+1","Endless Agony+1"],"picked":"Accuracy+1","floor":40},{"not_picked":["Bane","Flying Knee"],"picked":"Leg Sweep","floor":44},{"not_picked":["Bouncing Flask","Prepared"],"picked":"Adrenaline","floor":46},{"not_picked":["Blur","Outmaneuver","Poisoned Stab"],"picked":"SKIP","floor":46},{"not_picked":["Leg Sweep","Backflip"],"picked":"Blade Dance+1","floor":48},{"not_picked":["Quick Slash","Slice","All Out Attack+1"],"picked":"SKIP","floor":48},{"not_picked":["Flying Knee","Setup"],"picked":"Cloak And Dagger+1","floor":55}],"player_experience":6592767,"relics_obtained":[{"floor":8,"key":"Tough Bandages"},{"floor":9,"key":"Pocketwatch"},{"floor":10,"key":"Prayer Wheel"},{"floor":14,"key":"MawBank"},{"floor":25,"key":"Smiling Mask"},{"floor":26,"key":"Lantern"},{"floor":27,"key":"Pantograph"},{"floor":37,"key":"Tingsha"},{"floor":39,"key":"Ginger"},{"floor":40,"key":"Centennial Puzzle"},{"floor":44,"key":"War Paint"},{"floor":55,"key":"Boot"}],"event_choices":[{"damage_healed":0,"gold_gain":0,"player_choice":"Got Potions","damage_taken":0,"max_hp_gain":0,"max_hp_loss":0,"event_name":"Lab","floor":5,"gold_loss":0},{"damage_healed":0,"gold_gain":0,"player_choice":"Obtained Relic","damage_taken":0,"relics_obtained":["MealTicket"],"max_hp_gain":0,"max_hp_loss":0,"event_name":"Addict","floor":19,"gold_loss":85},{"damage_healed":0,"gold_gain":0,"player_choice":"Simplicity","damage_taken":0,"max_hp_gain":0,"max_hp_loss":0,"event_name":"Back to Basics","floor":20,"gold_loss":0,"cards_upgraded":["Strike_G","Strike_G","Strike_G","Strike_G","Defend_G","Defend_G","Defend_G","Defend_G","Defend_G"]},{"damage_healed":0,"gold_gain":0,"player_choice":"Ignored","damage_taken":0,"max_hp_gain":0,"max_hp_loss":0,"event_name":"Ghosts","floor":21,"gold_loss":0},{"damage_healed":0,"gold_gain":50,"player_choice":"Stole From Cult","damage_taken":0,"max_hp_gain":0,"max_hp_loss":0,"event_name":"Nest","floor":22,"gold_loss":0},{"damage_healed":0,"gold_gain":0,"player_choice":"Fight","damage_taken":0,"max_hp_gain":0,"max_hp_loss":0,"event_name":"Mysterious Sphere","floor":37,"gold_loss":0},{"damage_healed":0,"gold_gain":0,"player_choice":"Fight","damage_taken":0,"max_hp_gain":0,"max_hp_loss":0,"event_name":"MindBloom","floor":39,"gold_loss":0},{"cards_removed":["Predator"],"damage_healed":0,"gold_gain":0,"player_choice":"Removed Attack","damage_taken":0,"max_hp_gain":0,"max_hp_loss":0,"event_name":"Falling","floor":41,"gold_loss":0},{"damage_healed":0,"gold_gain":0,"player_choice":"Bought 0 Potions","damage_taken":0,"max_hp_gain":0,"max_hp_loss":0,"event_name":"The Woman in Blue","floor":45,"gold_loss":0}],"is_beta":false,"boss_relics":[{"not_picked":["Fusion Hammer","Sozu"],"picked":"SlaversCollar"},{"not_picked":["Runic Pyramid","Velvet Choker"],"picked":"WristBlade"}],"items_purged_floors":[4,28,47,54],"is_endless":false,"potions_floor_spawned":[2,7,8,16,24,27,30,33,36,38,40,46,48],"ascension_level":20}