{"gold_per_floor":[115,115,134,154,51,51,65,65,65,65,65,65,65,83,83,155,155,168,178,228,241,141,155,155,189,214,249,259,286,70,70,70,145,145,155,166,182,182,199,227,241,259,304,315,315,345,195,213,213,213,213,213,213,38,70,70],"floor_reached":57,"playtime":5182,"items_purged":["Defend_G","Strike_G","Defend_G","Strike_G","Defend_G"],"score":3132,"play_id":"1c711c68-dc1b-4917-9348-062b00db0d5a","local_time":"20220422162428","is_ascension_mode":true,"campfire_choices":[{"data":"Expertise","floor":6,"key":"SMITH"},{"data":"Calculated Gamble","floor":8,"key":"SMITH"},{"data":"Prepared","floor":12,"key":"SMITH"},{"data":"Grand Finale","floor":15,"key":"SMITH"},{"data":"Wraith Form v2","floor":24,"key":"SMITH"},{"data":"Forethought","floor":32,"key":"SMITH"},{"floor":49,"key":"RECALL"},{"data":"Acrobatics","floor":53,"key":"SMITH"}],"neow_cost":"NONE","seed_source_timestamp":1480183993026400,"circlet_count":0,"master_deck":["AscendersBane","Strike_G","Strike_G","Defend_G","Defend_G","Survivor","Neutralize","Masterful Stab","Grand Finale+1","Expertise+1","Calculated Gamble+1","Prepared+1","Wraith Form v2+1","Backflip","Forethought+1","Terror","Grand Finale+1","Backflip","Acrobatics+1","Calculated Gamble","Caltrops+1"],"relics":["Ring of the Snake","Centennial Puzzle","Blood Vial","HornCleat","Philosopher\u0027s Stone","Paper Crane","StrikeDummy","Ornamental Fan","SlaversCollar","Shovel","MealTicket","Incense Burner","Mummified Hand"],"potions_floor_usage":[16,21,25,27,29,41,56,56],"damage_taken":[{"damage":1,"enemies":"2 Louse","floor":1,"turns":3},{"damage":1,"enemies":"Cultist","floor":3,"turns":4},{"damage":1,"enemies":"Small Slimes","floor":4,"turns":3},{"damage":0,"enemies":"Blue Slaver","floor":7,"turns":1},{"damage":0,"enemies":"2 Fungi Beasts","floor":14,"turns":2},{"damage":14,"enemies":"Slime Boss","floor":16,"turns":9},{"damage":3,"enemies":"3 Byrds","floor":18,"turns":4},{"damage":0,"enemies":"Spheric Guardian","floor":19,"turns":1},{"damage":5,"enemies":"Snake Plant","floor":21,"turns":2},{"damage":0,"enemies":"Centurion and Healer","floor":23,"turns":2},{"damage":0,"enemies":"Slavers","floor":25,"turns":1},{"damage":0,"enemies":"Gremlin Leader","floor":27,"turns":3},{"damage":4,"enemies":"Sentry and Sphere","floor":28,"turns":6},{"damage":0,"enemies":"Book of Stabbing","floor":29,"turns":4},{"damage":2,"enemies":"Collector","floor":33,"turns":4},{"damage":0,"enemies":"3 Shapes","floor":35,"turns":2},{"damage":1,"enemies":"Orb Walker","floor":36,"turns":2},{"damage":8,"enemies":"Jaw Worm Horde","floor":37,"turns":2},{"damage":1,"enemies":"Transient","floor":39,"turns":6},{"damage":10,"enemies":"Reptomancer","floor":40,"turns":3},{"damage":0,"enemies":"Spire Growth","floor":41,"turns":1},{"damage":5,"enemies":"Writhing Mass","floor":42,"turns":3},{"damage":0,"enemies":"Jaw Worm Horde","floor":44,"turns":3},{"damage":0,"enemies":"Giant Head","floor":46,"turns":4},{"damage":0,"enemies":"Maw","floor":48,"turns":5},{"damage":0,"enemies":"Donu and Deca","floor":50,"turns":5},{"damage":0,"enemies":"Time Eater","floor":51,"turns":4},{"damage":0,"enemies":"Shield and Spear","floor":55,"turns":5},{"damage":62,"enemies":"The Heart","floor":56,"turns":8}],"seed_played":"5676829083371548043","potions_obtained":[{"floor":4,"key":"SpeedPotion"},{"floor":7,"key":"Poison Potion"},{"floor":14,"key":"AttackPotion"},{"floor":18,"key":"ColorlessPotion"},{"floor":23,"key":"Strength Potion"},{"floor":25,"key":"CunningPotion"},{"floor":28,"key":"CunningPotion"},{"floor":35,"key":"DuplicationPotion"},{"floor":37,"key":"Fruit Juice"},{"floor":41,"key":"Poison Potion"},{"floor":48,"key":"Swift Potion"}],"is_trial":false,"path_per_floor":["M","?","M","M","$","R","M","R","T","?","?","R","T","M","R","B",null,"M","M","?","M","$","M","R","E","T","E","M","E","$","?","R","B",null,"M","M","M","?","M","E","M","M","T","M","?","E","$","M","R","B","B",null,"R","$","E","B",null],"character_chosen":"THE_SILENT","items_purchased":["Prepared","Forethought"],"campfire_rested":0,"item_purchase_floors":[5,30],"current_hp_per_floor":[58,58,57,56,56,56,56,56,56,56,61,61,61,63,63,51,66,65,67,67,64,64,66,66,68,68,70,67,69,69,69,69,69,71,71,70,63,63,64,56,63,60,60,62,62,64,76,76,76,76,76,76,76,76,76,14],"gold":70,"neow_bonus":"RANDOM_COMMON_RELIC","is_prod":false,"is_daily":false,"chose_seed":false,"campfire_upgraded":7,"win_rate":0,"timestamp":1650659068,"path_taken":["M","?","M","M","$","R","?","R","T","?","?","R","?","M","R","BOSS","M","M","?","M","$","M","R","E","T","E","M","E","$","?","R","BOSS","M","M","M","?","?","E","M","M","T","M","?","E","$","M","R","BOSS","BOSS","R","$","E","BOSS"],"build_version":"2022-03-07","purchased_purges":5,"victory":true,"max_hp_per_floor":[66,66,66,66,66,66,66,66,66,66,71,71,71,71,71,71,71,71,71,71,71,71,71,71,71,71,71,71,71,71,71,71,71,71,71,71,71,71,71,71,76,76,76,76,76,76,76,76,76,76,76,76,76,76,76,76],"relic_stats":{"Blood Vial":34,"Centennial Puzzle":[42],"Shovel":0,"counters":[29,102],"Ornamental Fan":[92],"Mummified Hand":[3],"MealTicket":12,"obtain_stats":[{"Incense Burner":46,"Paper Crane":25,"Blood Vial":9,"SlaversCollar":34,"Centennial Puzzle":0,"HornCleat":13,"Shovel":40,"Ornamental Fan":29,"Mummified Hand":55,"Philosopher\u0027s Stone":17,"MealTicket":43,"StrikeDummy":27,"Ring of the Snake":0},{"Incense Burner":24,"Paper Crane":11,"Blood Vial":4,"SlaversCollar":15,"Centennial Puzzle":0,"HornCleat":4,"Shovel":20,"Ornamental Fan":14,"Mummified Hand":28,"Philosopher\u0027s Stone":6,"MealTicket":22,"StrikeDummy":12,"Ring of the Snake":0},{"Incense Burner":75,"Paper Crane":32,"Blood Vial":11,"SlaversCollar":49,"Centennial Puzzle":0,"HornCleat":11,"Shovel":64,"Ornamental Fan":45,"Mummified Hand":94,"Philosopher\u0027s Stone":22,"MealTicket":68,"StrikeDummy":35,"Ring of the Snake":0}],"Ring of the Snake":[58]},"card_choices":[{"not_picked":["PiercingWail","Dodge and Roll"],"picked":"Masterful Stab","floor":1},{"not_picked":["Backflip","Acrobatics"],"picked":"Expertise","floor":3},{"not_picked":["Bouncing Flask","Backflip"],"picked":"Calculated Gamble","floor":4},{"not_picked":["Prepared","Outmaneuver","Predator"],"picked":"SKIP","floor":7},{"not_picked":["Accuracy","Underhanded Strike","Finisher"],"picked":"SKIP","floor":14},{"not_picked":["Bullet Time","Die Die Die"],"picked":"Wraith Form v2","floor":16},{"not_picked":["Blade Dance","PiercingWail","Prepared"],"picked":"SKIP","floor":18},{"not_picked":["Sucker Punch","Dodge and Roll"],"picked":"Backflip","floor":19},{"not_picked":["Dagger Throw","Distraction+1","Poisoned Stab"],"picked":"SKIP","floor":21},{"not_picked":["Slice","Skewer","Riddle With Holes"],"picked":"SKIP","floor":23},{"not_picked":["Deadly Poison","Deflect","Bane"],"picked":"SKIP","floor":25},{"not_picked":["Deadly Poison","Deflect","Bane"],"picked":"SKIP","floor":25},{"not_picked":["Deadly Poison","Deflect","Bane"],"picked":"SKIP","floor":25},{"not_picked":["Concentrate","Bane","Prepared"],"picked":"SKIP","floor":27},{"not_picked":["Dagger Throw","Sucker Punch","A Thousand Cuts"],"picked":"SKIP","floor":28},{"not_picked":["Underhanded Strike","Flying Knee","Deflect+1"],"picked":"SKIP","floor":29},{"not_picked":["Corpse Explosion","A Thousand Cuts"],"picked":"Grand Finale","floor":33},{"not_picked":["Concentrate","Finisher+1","Quick Slash+1"],"picked":"SKIP","floor":35},{"not_picked":["Sucker Punch","Blade Dance","Bane"],"picked":"SKIP","floor":36},{"not_picked":["Dagger Throw","Cloak And Dagger"],"picked":"Backflip","floor":37},{"not_picked":["Quick Slash","Outmaneuver+1","Noxious Fumes+1"],"picked":"SKIP","floor":39},{"not_picked":["Dagger Throw","Footwork"],"picked":"Acrobatics","floor":40},{"not_picked":["Slice","Venomology","Blade Dance+1"],"picked":"SKIP","floor":41},{"not_picked":["Outmaneuver+1","Accuracy","Slice+1"],"picked":"SKIP","floor":42},{"not_picked":["Slice","Flechettes"],"picked":"Calculated Gamble","floor":44},{"not_picked":["Prepared","Slice+1","Tactician"],"picked":"SKIP","floor":46},{"not_picked":["Bane","Calculated Gamble","Slice+1"],"picked":"SKIP","floor":48},{"not_picked":["Dagger Throw","A Thousand Cuts"],"picked":"Caltrops+1","floor":55}],"player_experience":6740722,"relics_obtained":[{"floor":9,"key":"Blood Vial"},{"floor":13,"key":"HornCleat"},{"floor":25,"key":"Paper Crane"},{"floor":27,"key":"StrikeDummy"},{"floor":29,"key":"Ornamental Fan"},{"floor":40,"key":"Shovel"},{"floor":43,"key":"MealTicket"},{"floor":46,"key":"Incense Burner"},{"floor":55,"key":"Mummified Hand"}],"event_choices":[{"damage_healed":0,"gold_gain":0,"cards_transformed":["Strike_G"],"player_choice":"Transformed","damage_taken":0,"max_hp_gain":0,"max_hp_loss":0,"event_name":"Transmorgrifier","floor":2,"gold_loss":0,"cards_obtained":["Grand Finale"]},{"damage_healed":0,"gold_gain":0,"player_choice":"Ignored","damage_taken":0,"max_hp_gain":0,"max_hp_loss":0,"event_name":"Liars Game","floor":10,"gold_loss":0},{"damage_healed":0,"gold_gain":0,"player_choice":"Donut","damage_taken":0,"max_hp_gain":5,"max_hp_loss":0,"event_name":"Big Fish","floor":11,"gold_loss":0},{"damage_healed":0,"gold_gain":50,"player_choice":"Stole From Cult","damage_taken":0,"max_hp_gain":0,"max_hp_loss":0,"event_name":"Nest","floor":20,"gold_loss":0},{"damage_healed":0,"gold_gain":0,"player_choice":"Read","damage_taken":0,"max_hp_gain":0,"max_hp_loss":0,"event_name":"The Library","floor":31,"gold_loss":0,"cards_obtained":["Terror"]},{"damage_healed":0,"gold_gain":0,"player_choice":"Forge","damage_taken":0,"max_hp_gain":0,"max_hp_loss":0,"event_name":"Accursed Blacksmith","floor":38,"gold_loss":0,"cards_upgraded":["Grand Finale"]},{"damage_healed":0,"gold_gain":0,"player_choice":"Ignored","damage_taken":0,"max_hp_gain":0,"max_hp_loss":0,"event_name":"SecretPortal","floor":45,"gold_loss":0}],"is_beta":false,"boss_relics":[{"not_picked":["Ring of the Serpent","Busted Crown"],"picked":"Philosopher\u0027s Stone"},{"not_picked":["Cursed Key","HoveringKite"],"picked":"SlaversCollar"}],"items_purged_floors":[5,22,30,47,54],"is_endless":false,"potions_floor_spawned":[4,7,14,18,23,25,28,35,37,41,48],"ascension_level":20}