{"gold_per_floor":[114,79,154,168,185,185,200,234,234,247,247,264,278,304,304,381,381,394,394,407,407,50,85,85,95,95,95,107,107,107,138,138,209,209,226,226,236,236,51,51,79,94,118,129,162,80,80,109,109,109,109,109,109,15,45,45],"floor_reached":57,"playtime":5985,"items_purged":["Distraction","Dagger Spray"],"score":3080,"play_id":"1d1f6b70-5011-420a-8b62-ba24ff99e125","local_time":"20220415190543","is_ascension_mode":true,"campfire_choices":[{"data":"Bane","floor":6,"key":"SMITH"},{"floor":11,"key":"REST"},{"data":"Blade Dance","floor":15,"key":"SMITH"},{"floor":27,"key":"REST"},{"data":"Wraith Form v2","floor":29,"key":"SMITH"},{"data":"Tactician","floor":32,"key":"SMITH"},{"data":"Night Terror","floor":40,"key":"SMITH"},{"floor":47,"key":"RECALL"},{"data":"Well Laid Plans","floor":49,"key":"SMITH"},{"data":"Bouncing Flask","floor":53,"key":"SMITH"}],"neow_cost":"NONE","seed_source_timestamp":884270313314200,"circlet_count":0,"master_deck":["AscendersBane","Survivor","Neutralize","Dagger Throw","Bane+1","Blade Dance+1","Die Die Die","Poisoned Stab","Leg Sweep","After Image","Leg Sweep","Dagger Throw","Dagger Throw","Night Terror+1","Wraith Form v2+1","Bouncing Flask+1","Terror","Dash","Slice","Backflip","Necronomicurse","Deflect","Eviscerate","Adrenaline","Blade Dance","Tactician+1","Underhanded Strike+1","Tools of the Trade+1","Dagger Throw+1","Underhanded Strike+1","Night Terror","Acrobatics","Tools of the Trade","Acrobatics","PiercingWail","Well Laid Plans+1","PiercingWail","Dash+1"],"relics":["Ring of the Snake","PreservedInsect","Kunai","The Courier","Pantograph","Pandora\u0027s Box","Necronomicon","Frozen Eye","Nunchaku","Matryoshka","Ancient Tea Set","Molten Egg 2","MutagenicStrength","Bottled Flame","HoveringKite","InkBottle","Anchor","Happy Flower","Gremlin Horn","Pocketwatch"],"potions_floor_usage":[7,10,14,23,25,28,35,45,56],"damage_taken":[{"damage":4,"enemies":"Small Slimes","floor":1,"turns":4},{"damage":0,"enemies":"2 Louse","floor":4,"turns":3},{"damage":4,"enemies":"Jaw Worm","floor":5,"turns":5},{"damage":2,"enemies":"2 Fungi Beasts","floor":7,"turns":3},{"damage":44,"enemies":"Lagavulin","floor":8,"turns":7},{"damage":3,"enemies":"Blue Slaver","floor":10,"turns":4},{"damage":0,"enemies":"Lots of Slimes","floor":12,"turns":1},{"damage":0,"enemies":"2 Fungi Beasts","floor":13,"turns":3},{"damage":0,"enemies":"Gremlin Nob","floor":14,"turns":2},{"damage":40,"enemies":"Hexaghost","floor":16,"turns":12},{"damage":1,"enemies":"Spheric Guardian","floor":18,"turns":3},{"damage":0,"enemies":"3 Byrds","floor":20,"turns":7},{"damage":7,"enemies":"Gremlin Leader","floor":23,"turns":6},{"damage":0,"enemies":"Snake Plant","floor":25,"turns":4},{"damage":0,"enemies":"Cultist and Chosen","floor":28,"turns":2},{"damage":18,"enemies":"Book of Stabbing","floor":31,"turns":2},{"damage":2,"enemies":"Champ","floor":33,"turns":16},{"damage":0,"enemies":"3 Shapes","floor":35,"turns":1},{"damage":0,"enemies":"Orb Walker","floor":37,"turns":2},{"damage":0,"enemies":"Giant Head","floor":41,"turns":5},{"damage":0,"enemies":"4 Shapes","floor":42,"turns":4},{"damage":0,"enemies":"Sphere and 2 Shapes","floor":44,"turns":3},{"damage":0,"enemies":"Reptomancer","floor":45,"turns":2},{"damage":0,"enemies":"Nemesis","floor":48,"turns":4},{"damage":0,"enemies":"Time Eater","floor":50,"turns":14},{"damage":1,"enemies":"Awakened One","floor":51,"turns":12},{"damage":0,"enemies":"Shield and Spear","floor":55,"turns":4},{"damage":54,"enemies":"The Heart","floor":56,"turns":12}],"seed_played":"-6103671870109214996","potions_obtained":[{"floor":4,"key":"Swift Potion"},{"floor":8,"key":"ColorlessPotion"},{"floor":12,"key":"SteroidPotion"},{"floor":16,"key":"Fire Potion"},{"floor":23,"key":"Energy Potion"},{"floor":25,"key":"Ancient Potion"},{"floor":28,"key":"Poison Potion"},{"floor":35,"key":"Fruit Juice"},{"floor":45,"key":"Strength Potion"}],"is_trial":false,"path_per_floor":["M","?","?","M","M","R","M","E","T","M","R","M","M","E","R","B",null,"M","?","M","?","$","E","T","M","T","R","M","R","?","E","R","B",null,"M","?","M","?","$","R","E","M","T","M","E","$","R","E","R","B","B",null,"R","$","E","B",null],"character_chosen":"THE_SILENT","items_purchased":["FairyPotion","Frozen Eye","Eviscerate","Night Terror","Acrobatics","Well Laid Plans","PiercingWail","Dash+1","Ancient Potion"],"campfire_rested":2,"item_purchase_floors":[22,22,22,39,39,46,46,54,54],"current_hp_per_floor":[55,66,55,55,51,51,49,5,5,2,21,21,21,21,21,6,51,50,29,29,11,11,4,4,4,4,25,25,25,25,7,7,30,61,61,61,61,61,61,61,61,61,61,61,66,66,66,66,66,72,71,72,72,72,72,18],"gold":45,"neow_bonus":"RANDOM_COMMON_RELIC","is_prod":false,"is_daily":false,"chose_seed":false,"campfire_upgraded":7,"win_rate":0,"timestamp":1650063943,"path_taken":["M","?","?","M","M","R","M","E","T","M","R","M","?","E","R","BOSS","M","?","M","?","$","E","?","M","T","R","?","R","?","E","R","BOSS","M","?","M","?","$","R","E","?","T","M","E","$","R","E","R","BOSS","BOSS","R","$","E","BOSS"],"build_version":"2022-03-07","purchased_purges":2,"victory":true,"max_hp_per_floor":[66,66,66,66,66,66,66,66,66,66,66,66,66,66,66,66,66,66,66,66,71,71,71,71,71,71,71,71,71,71,71,71,71,71,71,67,67,67,67,67,67,67,67,67,72,72,72,72,72,72,72,72,72,72,72,72],"relic_stats":{"Happy Flower":[15],"Gremlin Horn":[4,4],"counters":[28,147],"HoveringKite":[60],"PreservedInsect":457,"The Courier":180,"Ancient Tea Set":[14],"Frozen Eye":571.17755,"Nunchaku":[35],"Bottled Flame":"Underhanded Strike","Matryoshka":2,"Pantograph":56,"Pandora\u0027s Box":["Leg Sweep","Dagger Throw","Distraction","Dagger Throw","Night Terror","Wraith Form v2","Bouncing Flask","Terror","Dash","Slice"],"Necronomicon":[51],"Kunai":[117],"obtain_stats":[{"Happy Flower":45,"Gremlin Horn":48,"HoveringKite":34,"PreservedInsect":0,"The Courier":9,"Ancient Tea Set":26,"Frozen Eye":22,"Nunchaku":23,"Bottled Flame":31,"Anchor":43,"Matryoshka":24,"Pantograph":14,"MutagenicStrength":30,"Pandora\u0027s Box":17,"Molten Egg 2":26,"Necronomicon":19,"Kunai":8,"InkBottle":41,"Ring of the Snake":0,"Pocketwatch":55},{"Happy Flower":23,"Gremlin Horn":24,"HoveringKite":17,"PreservedInsect":0,"The Courier":5,"Ancient Tea Set":14,"Frozen Eye":12,"Nunchaku":13,"Bottled Flame":16,"Anchor":21,"Matryoshka":13,"Pantograph":9,"MutagenicStrength":15,"Pandora\u0027s Box":10,"Molten Egg 2":14,"Necronomicon":11,"Kunai":5,"InkBottle":20,"Ring of the Snake":0,"Pocketwatch":27},{"Happy Flower":101,"Gremlin Horn":105,"HoveringKite":84,"PreservedInsect":0,"The Courier":22,"Ancient Tea Set":64,"Frozen Eye":54,"Nunchaku":60,"Bottled Flame":68,"Anchor":96,"Matryoshka":60,"Pantograph":32,"MutagenicStrength":66,"Pandora\u0027s Box":44,"Molten Egg 2":64,"Necronomicon":47,"Kunai":22,"InkBottle":92,"Ring of the Snake":0,"Pocketwatch":135}],"InkBottle":[38],"Ring of the Snake":[56],"Pocketwatch":[5]},"card_choices":[{"not_picked":["Quick Slash","Sucker Punch"],"picked":"Dagger Throw","floor":1},{"not_picked":["Dodge and Roll","Backflip"],"picked":"Bane","floor":4},{"not_picked":["Backflip","PiercingWail","Finisher"],"picked":"SKIP","floor":5},{"not_picked":["Backflip","Catalyst"],"picked":"Blade Dance","floor":7},{"not_picked":["Bane","PiercingWail"],"picked":"Dagger Spray","floor":8},{"not_picked":["PiercingWail","Quick Slash"],"picked":"Die Die Die","floor":10},{"not_picked":["Setup","Choke"],"picked":"Poisoned Stab","floor":12},{"not_picked":["Dagger Spray","Burst"],"picked":"Leg Sweep","floor":14},{"not_picked":["Tools of the Trade","Unload"],"picked":"After Image","floor":16},{"not_picked":["PiercingWail","Flying Knee"],"picked":"Backflip","floor":18},{"not_picked":["Dagger Throw","Dodge and Roll"],"picked":"Deflect","floor":20},{"not_picked":["Poisoned Stab","Backflip"],"picked":"Adrenaline","floor":23},{"not_picked":["PiercingWail","Dagger Throw"],"picked":"Blade Dance","floor":25},{"not_picked":["Concentrate","Leg Sweep+1"],"picked":"Tactician","floor":28},{"not_picked":["PiercingWail","Wraith Form v2"],"picked":"Underhanded Strike+1","floor":31},{"not_picked":["Doppelganger","Bullet Time"],"picked":"Tools of the Trade","floor":33},{"not_picked":["Footwork","Distraction"],"picked":"Dagger Throw+1","floor":35},{"not_picked":["Deadly Poison","Sucker Punch+1"],"picked":"Underhanded Strike+1","floor":37},{"not_picked":["Cloak And Dagger","Bane+1"],"picked":"Tools of the Trade","floor":41},{"not_picked":["Bane+1","Setup+1"],"picked":"Acrobatics","floor":42},{"not_picked":["Endless Agony+1","Slice+1"],"picked":"PiercingWail","floor":44},{"not_picked":["Dagger Throw+1","Flying Knee+1","Bane+1"],"picked":"SKIP","floor":45},{"not_picked":["Skewer+1","Accuracy","Poisoned Stab+1"],"picked":"SKIP","floor":48}],"player_experience":6677636,"relics_obtained":[{"floor":8,"key":"Kunai"},{"floor":9,"key":"The Courier"},{"floor":14,"key":"Pantograph"},{"floor":19,"key":"Necronomicon"},{"floor":23,"key":"Nunchaku"},{"floor":24,"key":"Matryoshka"},{"floor":26,"key":"Ancient Tea Set"},{"floor":26,"key":"Molten Egg 2"},{"floor":31,"key":"Bottled Flame"},{"floor":41,"key":"InkBottle"},{"floor":43,"key":"Anchor"},{"floor":45,"key":"Happy Flower"},{"floor":48,"key":"Gremlin Horn"},{"floor":55,"key":"Pocketwatch"}],"event_choices":[{"damage_healed":16,"gold_gain":0,"player_choice":"Healed","damage_taken":0,"max_hp_gain":0,"max_hp_loss":0,"event_name":"The Cleric","floor":2,"gold_loss":35},{"damage_healed":0,"gold_gain":75,"player_choice":"Gather Gold","damage_taken":11,"max_hp_gain":0,"max_hp_loss":0,"event_name":"World of Goop","floor":3,"gold_loss":0},{"damage_healed":0,"gold_gain":0,"player_choice":"Obtained Book","damage_taken":21,"max_hp_gain":0,"max_hp_loss":0,"event_name":"Cursed Tome","floor":19,"gold_loss":0},{"damage_healed":0,"gold_gain":0,"player_choice":"Shed Blood","damage_taken":23,"max_hp_gain":5,"max_hp_loss":0,"event_name":"Forgotten Altar","floor":21,"gold_loss":0},{"damage_healed":0,"gold_gain":0,"player_choice":"Inject Mutagens","damage_taken":0,"relics_obtained":["MutagenicStrength"],"max_hp_gain":0,"max_hp_loss":0,"event_name":"Drug Dealer","floor":30,"gold_loss":0},{"damage_healed":0,"gold_gain":0,"player_choice":"Max HP","damage_taken":0,"max_hp_gain":0,"max_hp_loss":4,"event_name":"Winding Halls","floor":36,"gold_loss":0},{"damage_healed":0,"gold_gain":0,"player_choice":"Upgraded","damage_taken":0,"max_hp_gain":0,"max_hp_loss":0,"event_name":"Upgrade Shrine","floor":38,"gold_loss":0,"cards_upgraded":["Tools of the Trade"]}],"is_beta":false,"boss_relics":[{"not_picked":["Calling Bell","Empty Cage"],"picked":"Pandora\u0027s Box"},{"not_picked":["Ring of the Serpent","Sozu"],"picked":"HoveringKite"}],"items_purged_floors":[22,39],"is_endless":false,"potions_floor_spawned":[4,8,12,16,23,25,28,31,35,45,48,55],"ascension_level":20}