{"gold_per_floor":[119,119,137,153,123,123,152,152,221,221,239,270,270,304,304,381,381,397,411,59,79,97,97,22,22,73,99,110,144,144,171,171,245,245,264,280,280,7,7,7,36,36,63,63,86,86,96,114,114,114,114,114,114,36,71,71],"floor_reached":57,"playtime":4696,"items_purged":["Noxious Fumes","Caltrops","Poisoned Stab"],"score":2762,"play_id":"9fc783ec-0593-4c2b-b2a1-b49b510e6b10","local_time":"20220504134124","is_ascension_mode":true,"campfire_choices":[{"data":"Dagger Spray","floor":6.0,"key":"SMITH"},{"data":"Poisoned Stab","floor":8.0,"key":"SMITH"},{"data":"Blade Dance","floor":10.0,"key":"SMITH"},{"data":"Neutralize","floor":13.0,"key":"SMITH"},{"data":"Survivor","floor":15.0,"key":"SMITH"},{"data":"After Image","floor":23,"key":"SMITH"},{"data":"Panache","floor":25,"key":"SMITH"},{"data":"Accuracy","floor":30,"key":"SMITH"},{"data":"Adrenaline","floor":32,"key":"SMITH"},{"floor":40,"key":"REST"},{"floor":42,"key":"RECALL"},{"floor":44,"key":"REST"},{"floor":46,"key":"REST"},{"floor":49,"key":"REST"},{"floor":53,"key":"REST"}],"neow_cost":"NONE","seed_source_timestamp":0,"shop_contents":[{"floor":20,"relics":["Tiny Chest","Matryoshka","Strange Spoon"],"cards":["Quick Slash","Grand Finale","Corpse Explosion","Deadly Poison","Footwork"],"potions":["Fire Potion","Fruit Juice","FearPotion"]},{"floor":38,"relics":["Tough Bandages","Art of War"],"cards":["Riddle With Holes","Underhanded Strike","Setup","Blade Dance","Noxious Fumes","Forethought","Metamorphosis"],"potions":["PowerPotion","Block Potion","Weak Potion"]},{"floor":54,"relics":["The Specimen","Bottled Tornado","Lee\u0027s Waffle"],"cards":["Die Die Die","Skewer","Calculated Gamble","Caltrops","Swift Strike","Apotheosis"],"potions":["Explosive Potion","ColorlessPotion","CunningPotion"]}],"circlet_count":0,"master_deck":["AscendersBane","Survivor+1","Neutralize+1","Poisoned Stab+1","Dagger Spray+1","Blade Dance+1","Sucker Punch","Slice","Tools of the Trade","After Image+1","Choke","Accuracy+1","Calculated Gamble","Endless Agony","Grand Finale","Endless Agony","Blade Dance","Finisher","Dark Shackles","Panache+1","Backflip","Calculated Gamble","Calculated Gamble","PiercingWail","Adrenaline+1","Wraith Form v2","Deflect+1","Expertise+1","Backflip","Acrobatics","Blade Dance","Backflip","Deflect"],"special_seed":0,"potion_use_per_floor":[[],[],[],[],[],[],["LiquidMemories"],[],[],[],[],[],[],[],[],[],[],[],[],[],["LiquidMemories"],[],[],[],[],[],["LiquidMemories"],[],[],[],[],[],["FearPotion"],[],[],[],[],[],[],[],["Swift Potion"],[],[],[],[],[],[],[],[],[],[],[],[],[],["SteroidPotion","LiquidMemories"],["Dexterity Potion"],[]],"relics":["Ring of the Snake","Strawberry","Vajra","Mercury Hourglass","Shuriken","Torii","Pandora\u0027s Box","Happy Flower","White Beast Statue","Bottled Lightning","Fusion Hammer","OrangePellets","Du-Vu Doll","Kunai","Smiling Mask","Regal Pillow","Bottled Flame"],"potions_floor_usage":[21,27,33,41,55,55,56],"damage_taken":[{"damage":3.0,"enemies":"Jaw Worm","floor":1.0,"turns":8.0},{"damage":0.0,"enemies":"Small Slimes","floor":3.0,"turns":3.0},{"damage":0.0,"enemies":"Cultist","floor":4.0,"turns":3.0},{"damage":6.0,"enemies":"3 Sentries","floor":7.0,"turns":4.0},{"damage":6.0,"enemies":"Blue Slaver","floor":11.0,"turns":3.0},{"damage":8.0,"enemies":"Gremlin Nob","floor":12.0,"turns":3.0},{"damage":4.0,"enemies":"3 Sentries","floor":14.0,"turns":3.0},{"damage":7.0,"enemies":"Hexaghost","floor":16.0,"turns":7.0},{"damage":1,"enemies":"Shell Parasite","floor":18,"turns":4},{"damage":0,"enemies":"2 Thieves","floor":19,"turns":2},{"damage":13,"enemies":"Shelled Parasite and Fungi","floor":21,"turns":2},{"damage":0,"enemies":"Chosen and Byrds","floor":22,"turns":3},{"damage":1,"enemies":"Book of Stabbing","floor":27,"turns":2},{"damage":0,"enemies":"Centurion and Healer","floor":28,"turns":2},{"damage":1,"enemies":"Slavers","floor":29,"turns":3},{"damage":1,"enemies":"Gremlin Leader","floor":31,"turns":4},{"damage":0,"enemies":"Automaton","floor":33,"turns":4},{"damage":0,"enemies":"3 Shapes","floor":35,"turns":3},{"damage":0,"enemies":"Orb Walker","floor":36,"turns":2},{"damage":1,"enemies":"Reptomancer","floor":41,"turns":3},{"damage":1,"enemies":"Sphere and 2 Shapes","floor":47,"turns":2},{"damage":0,"enemies":"Jaw Worm Horde","floor":48,"turns":1},{"damage":16,"enemies":"Time Eater","floor":50,"turns":6},{"damage":1,"enemies":"Awakened One","floor":51,"turns":9},{"damage":0,"enemies":"Shield and Spear","floor":55,"turns":3},{"damage":66,"enemies":"The Heart","floor":56,"turns":8}],"seed_played":"-141796593331214774","neow_bonus_log":{"cardsObtained":[],"cardsUpgraded":[],"cardsRemoved":[],"cardsTransformed":[],"relicsObtained":["Strawberry"],"maxHpGained":0,"goldGained":0,"damageTaken":0,"goldLost":0,"maxHpLost":0},"potions_obtained":[{"floor":1.0,"key":"LiquidMemories"},{"floor":4.0,"key":"Ancient Potion"},{"floor":5.0,"key":"LiquidMemories"},{"floor":14.0,"key":"Ancient Potion"},{"floor":19,"key":"LiquidMemories"},{"floor":21,"key":"SkillPotion"},{"floor":29,"key":"FearPotion"},{"floor":31,"key":"Swift Potion"},{"floor":33,"key":"SneckoOil"},{"floor":35,"key":"LiquidMemories"},{"floor":41,"key":"SteroidPotion"},{"floor":55,"key":"Dexterity Potion"}],"is_trial":false,"path_per_floor":["M","?","M","M","?","R","E","R","T","R","M","E","R","E","R","B",null,"M","M","$","M","M","R","?","R","T","E","M","E","R","E","R","B",null,"M","M","?","$","T","R","E","R","T","R","T","R","M","M","R","B","B",null,"R","$","E","B",null],"character_chosen":"THE_SILENT","items_purchased":["Dark Shackles","Panache","OrangePellets","Backflip"],"campfire_rested":5,"item_purchase_floors":[20,20,38,54],"current_hp_per_floor":[63,41,41,41,41,41,35,35,35,35,29,21,21,17,17,10,57,56,56,56,43,43,43,43,43,43,42,42,41,41,40,40,40,65,65,65,55,55,55,73,72,72,72,73,73,73,72,72,73,57,56,69,73,73,73,7],"gold":71,"neow_bonus":"RANDOM_COMMON_RELIC","is_prod":false,"is_daily":false,"rewards_skipped":[{"floor":5,"relics":[],"potions":["Explosive Potion"]},{"floor":36,"relics":[],"potions":["EssenceOfSteel"]},{"floor":47,"relics":[],"potions":["GamblersBrew"]},{"floor":48,"relics":[],"potions":["Weak Potion"]}],"chose_seed":false,"campfire_upgraded":9,"win_rate":0,"floor_exit_playtime":[499,540,590,729,758,766,883,903,917,926,993,1267,1323,1460,1469,1645,1792,1935,2001,2205,2312,2367,2379,2393,2408,2442,2560,2623,2744,2778,2910,2921,3084,3204,3262,3315,3331,3422,3427,3434,3533,3540,3544,3548,3552,3558,3624,3667,3672,3901,4146,4169,4176,4256,4376,4696],"timestamp":1651686084,"blue_key_relic_skipped_log":{"floor":26,"relicID":"CeramicFish"},"path_taken":["M","?","M","M","?","R","E","R","T","R","M","E","R","E","R","BOSS","M","M","$","M","M","R","?","R","T","E","M","E","R","E","R","BOSS","M","M","?","$","?","R","E","R","T","R","?","R","M","M","R","BOSS","BOSS","R","$","E","BOSS"],"build_version":"2022-03-07","purchased_purges":3,"victory":true,"max_hp_per_floor":[73,73,73,73,73,73,73,73,73,73,73,73,73,73,73,73,73,73,73,73,73,73,73,73,73,73,73,73,73,73,73,73,73,73,73,73,73,73,73,73,73,73,73,73,73,73,73,73,73,73,73,73,73,73,73,73],"relic_stats":{"Regal Pillow":0,"Torii":46,"Happy Flower":[16],"counters":[26,94],"Smiling Mask":75,"White Beast Statue":[0.0,0.0,0.0,0.4,0.0,0.6000000000000001,0.0,0.0,0.0,0.0,0.0,3.5638400000000003],"Mercury Hourglass":[317],"OrangePellets":[7],"Bottled Flame":"Neutralize","Shuriken":[84],"Pandora\u0027s Box":["After Image","Choke","Noxious Fumes","Accuracy","Calculated Gamble","Endless Agony","Caltrops","Grand Finale","Endless Agony","Deadly Poison"],"Bottled Lightning":"Adrenaline","Kunai":[36],"obtain_stats":[{"Regal Pillow":45,"Torii":14,"Happy Flower":27,"Vajra":7,"Smiling Mask":43,"White Beast Statue":29,"Mercury Hourglass":9,"Du-Vu Doll":39,"OrangePellets":38,"Bottled Flame":55,"Shuriken":12,"Strawberry":0,"Pandora\u0027s Box":17,"Fusion Hammer":34,"Bottled Lightning":31,"Kunai":41,"Ring of the Snake":0},{"Regal Pillow":20,"Torii":7,"Happy Flower":13,"Vajra":4,"Smiling Mask":20,"White Beast Statue":15,"Mercury Hourglass":4,"Du-Vu Doll":19,"OrangePellets":19,"Bottled Flame":25,"Shuriken":6,"Strawberry":0,"Pandora\u0027s Box":8,"Fusion Hammer":17,"Bottled Lightning":16,"Kunai":20,"Ring of the Snake":0},{"Regal Pillow":65,"Torii":25,"Happy Flower":45,"Vajra":18,"Smiling Mask":65,"White Beast Statue":50,"Mercury Hourglass":18,"Du-Vu Doll":62,"OrangePellets":62,"Bottled Flame":86,"Shuriken":22,"Strawberry":0,"Pandora\u0027s Box":32,"Fusion Hammer":58,"Bottled Lightning":54,"Kunai":65,"Ring of the Snake":0}],"Ring of the Snake":[57]},"card_choices":[{"not_picked":["Setup","Slice"],"picked":"Poisoned Stab","floor":1.0},{"not_picked":["Quick Slash","Slice"],"picked":"Poisoned Stab","floor":3.0},{"not_picked":["Quick Slash","After Image"],"picked":"Dagger Spray","floor":4.0},{"not_picked":["Blur","Caltrops"],"picked":"Blade Dance","floor":7.0},{"not_picked":["Predator","Acrobatics"],"picked":"Sucker Punch","floor":11.0},{"not_picked":["Poisoned Stab","Backflip","Infinite Blades"],"picked":"SKIP","floor":12.0},{"not_picked":["Distraction","Deadly Poison"],"picked":"Slice","floor":14.0},{"not_picked":["Bullet Time","Grand Finale"],"picked":"Tools of the Trade","floor":16.0},{"not_picked":["Cloak And Dagger","Footwork+1"],"picked":"Blade Dance","floor":18},{"not_picked":["Infinite Blades+1","Poisoned Stab"],"picked":"Finisher","floor":19},{"not_picked":["Prepared","Outmaneuver"],"picked":"Backflip","floor":21},{"not_picked":["Poisoned Stab","Dodge and Roll"],"picked":"Calculated Gamble","floor":22},{"not_picked":["Quick Slash","Bane"],"picked":"Calculated Gamble","floor":27},{"not_picked":["Prepared","Outmaneuver"],"picked":"PiercingWail","floor":28},{"not_picked":["Deadly Poison","Sucker Punch"],"picked":"Adrenaline","floor":29},{"not_picked":["Dagger Spray+1","Dodge and Roll","Distraction"],"picked":"SKIP","floor":31},{"not_picked":["A Thousand Cuts","Venomology"],"picked":"Wraith Form v2","floor":33},{"not_picked":["Flechettes","Choke+1"],"picked":"Deflect+1","floor":35},{"not_picked":["Quick Slash","Poisoned Stab"],"picked":"Expertise+1","floor":36},{"not_picked":["Bane+1","Distraction+1"],"picked":"Backflip","floor":41},{"not_picked":["Riddle With Holes+1","Poisoned Stab+1"],"picked":"Acrobatics","floor":47},{"not_picked":["Dagger Throw+1","Prepared"],"picked":"Blade Dance","floor":48},{"not_picked":["All Out Attack","Setup"],"picked":"Deflect","floor":55}],"player_experience":6844494,"relics_obtained":[{"floor":7.0,"key":"Vajra"},{"floor":9.0,"key":"Mercury Hourglass"},{"floor":12.0,"key":"Shuriken"},{"floor":14.0,"key":"Torii"},{"floor":27,"key":"Happy Flower"},{"floor":29,"key":"White Beast Statue"},{"floor":31,"key":"Bottled Lightning"},{"floor":39,"key":"Du-Vu Doll"},{"floor":41,"key":"Kunai"},{"floor":43,"key":"Smiling Mask"},{"floor":45,"key":"Regal Pillow"},{"floor":55,"key":"Bottled Flame"}],"event_choices":[{"damage_healed":0.0,"max_hp_gain":0.0,"max_hp_loss":0.0,"gold_gain":0.0,"event_name":"Shining Light","player_choice":"Entered Light","floor":2.0,"gold_loss":0.0,"damage_taken":22.0,"cards_upgraded":["Defend_G","Defend_G"]},{"damage_healed":0.0,"max_hp_gain":0.0,"max_hp_loss":0.0,"gold_gain":0.0,"event_name":"The Woman in Blue","player_choice":"Bought 2 Potions","floor":5.0,"gold_loss":0.0,"damage_taken":0.0},{"cards_removed":["Deadly Poison"],"damage_healed":0,"gold_gain":0,"player_choice":"Gave Gold","damage_taken":0,"max_hp_gain":0,"max_hp_loss":0,"event_name":"Beggar","floor":24,"gold_loss":75},{"damage_healed":0,"gold_gain":0,"player_choice":"Damaged","damage_taken":10,"max_hp_gain":0,"max_hp_loss":0,"event_name":"Wheel of Change","floor":37,"gold_loss":0}],"is_beta":false,"boss_relics":[{"not_picked":["Calling Bell","SlaversCollar"],"picked":"Pandora\u0027s Box"},{"not_picked":["SacredBark","Empty Cage"],"picked":"Fusion Hammer"}],"items_purged_floors":[20,38,54],"is_endless":false,"potions_floor_spawned":[1,4,14,19,21,29,31,33,35,36,41,47,48,55],"ascension_level":20}