{"gold_per_floor":[110,124,144,144,144,144,155,171,171,203,221,247,267,106,106,179,179,195,62,74,74,24,24,40,40,64,76,103,153,203,272,272,346,346,358,23,98,148,198,228,228,260,260,260,278,85,104,204,204,204,204,204,204,2,35,35],"floor_reached":57,"playtime":7089,"items_purged":["Strike_G","Strike_G","Strike_G","Strike_G"],"score":2880,"play_id":"b090cadc-9ded-4a53-928f-9e0a05680a5d","local_time":"20220427142454","is_ascension_mode":true,"campfire_choices":[{"data":"Dagger Throw","floor":6,"key":"SMITH"},{"data":"A Thousand Cuts","floor":15,"key":"SMITH"},{"data":"Tactician","floor":23,"key":"SMITH"},{"data":"A Thousand Cuts","floor":25,"key":"SMITH"},{"data":"Accuracy","floor":32,"key":"SMITH"},{"floor":41,"key":"REST"},{"floor":44,"key":"RECALL"},{"floor":49,"key":"REST"},{"data":"Malaise","floor":53,"key":"SMITH"}],"neow_cost":"NONE","seed_source_timestamp":1903088309867000,"circlet_count":0,"master_deck":["AscendersBane","Defend_G","Defend_G","Defend_G","Defend_G","Survivor","Neutralize","Leg Sweep","Dagger Throw+1","Malaise+1","Caltrops","Blade Dance","A Thousand Cuts+1","Blade Dance","Accuracy+1","Calculated Gamble","Acrobatics","Tactician+1","A Thousand Cuts+1","Blade Dance","Blade Dance","After Image","After Image","Finisher","Escape Plan","Finesse","Finesse","PanicButton","PiercingWail","PiercingWail","Outmaneuver+1","Deflect","Backflip"],"relics":["Ring of the Snake","Nunchaku","Mango","Bottled Flame","Gambling Chip","Orrery","Philosopher\u0027s Stone","SsserpentHead","Akabeko","MutagenicStrength","Vajra","HoveringKite","OrangePellets","Turnip","Kunai","Lizard Tail","Dead Branch","Frozen Eye","Bird Faced Urn","Bottled Lightning"],"potions_floor_usage":[12,24,28,37,42,55,56],"damage_taken":[{"damage":2,"enemies":"Jaw Worm","floor":1,"turns":5},{"damage":0,"enemies":"2 Louse","floor":2,"turns":4},{"damage":0,"enemies":"Cultist","floor":3,"turns":4},{"damage":0,"enemies":"3 Louse","floor":7,"turns":5},{"damage":0,"enemies":"Looter","floor":8,"turns":4},{"damage":23,"enemies":"Lagavulin","floor":10,"turns":8},{"damage":1,"enemies":"Blue Slaver","floor":11,"turns":3},{"damage":20,"enemies":"Gremlin Nob","floor":12,"turns":4},{"damage":3,"enemies":"Exordium Wildlife","floor":13,"turns":4},{"damage":0,"enemies":"Slime Boss","floor":16,"turns":5},{"damage":12,"enemies":"Spheric Guardian","floor":18,"turns":3},{"damage":8,"enemies":"3 Byrds","floor":20,"turns":3},{"damage":1,"enemies":"Centurion and Healer","floor":24,"turns":5},{"damage":0,"enemies":"Cultist and Chosen","floor":27,"turns":4},{"damage":8,"enemies":"Book of Stabbing","floor":28,"turns":5},{"damage":0,"enemies":"Shelled Parasite and Fungi","floor":31,"turns":3},{"damage":5,"enemies":"Collector","floor":33,"turns":5},{"damage":3,"enemies":"Orb Walker","floor":35,"turns":2},{"damage":0,"enemies":"Mind Bloom Boss Battle","floor":37,"turns":3},{"damage":30,"enemies":"Nemesis","floor":40,"turns":7},{"damage":6,"enemies":"Reptomancer","floor":42,"turns":4},{"damage":0,"enemies":"3 Darklings","floor":45,"turns":2},{"damage":0,"enemies":"Sphere and 2 Shapes","floor":47,"turns":1},{"damage":2,"enemies":"2 Orb Walkers","floor":48,"turns":4},{"damage":14,"enemies":"Time Eater","floor":50,"turns":8},{"damage":0,"enemies":"Donu and Deca","floor":51,"turns":3},{"damage":25,"enemies":"Shield and Spear","floor":55,"turns":6},{"damage":4,"enemies":"The Heart","floor":56,"turns":8}],"seed_played":"-9114068948867449241","potions_obtained":[{"floor":3,"key":"Explosive Potion"},{"floor":10,"key":"Explosive Potion"},{"floor":12,"key":"Energy Potion"},{"floor":24,"key":"DuplicationPotion"},{"floor":31,"key":"DistilledChaos"},{"floor":37,"key":"DuplicationPotion"},{"floor":42,"key":"ColorlessPotion"},{"floor":47,"key":"LiquidMemories"}],"is_trial":false,"path_per_floor":["M","M","M","?","?","R","M","M","T","E","M","E","M","$","R","B",null,"M","$","M","?","$","R","M","R","T","M","E","?","T","M","R","B",null,"M","$","?","?","?","E","R","E","T","R","M","$","M","?","R","B","B",null,"R","$","E","B",null],"character_chosen":"THE_SILENT","items_purchased":["Orrery","Blade Dance","OrangePellets","Escape Plan","Frozen Eye","PiercingWail","Backflip"],"campfire_rested":2,"item_purchase_floors":[14,19,36,36,46,46,54],"current_hp_per_floor":[57,57,57,50,50,50,50,50,64,41,40,20,17,17,17,17,64,52,52,44,44,44,44,43,43,43,43,35,35,35,35,35,30,68,65,65,65,65,55,25,49,43,43,43,43,43,43,41,65,79,80,80,80,80,61,73],"gold":35,"neow_bonus":"RANDOM_COMMON_RELIC","is_prod":false,"is_daily":false,"chose_seed":false,"campfire_upgraded":6,"win_rate":0,"timestamp":1651083894,"path_taken":["M","M","M","?","?","R","M","M","T","E","M","E","M","$","R","BOSS","M","$","M","?","?","R","M","R","T","M","E","?","?","?","R","BOSS","M","$","?","?","?","E","R","E","T","R","M","$","M","?","R","BOSS","BOSS","R","$","E","BOSS"],"build_version":"2022-03-07","purchased_purges":4,"victory":true,"max_hp_per_floor":[66,66,66,66,66,66,66,66,80,80,80,80,80,80,80,80,80,80,80,80,80,80,80,80,80,80,80,80,80,80,80,80,80,80,80,80,80,80,80,80,80,80,80,80,80,80,80,80,80,80,80,80,80,80,80,80],"relic_stats":{"counters":[28,122],"Dead Branch":[122],"HoveringKite":[32],"SsserpentHead":400,"OrangePellets":[21],"Frozen Eye":199.60072,"Nunchaku":[41],"Bottled Flame":"Dagger Throw","Lizard Tail":0,"Gambling Chip":[74],"Bird Faced Urn":[51],"Turnip":[3],"Kunai":[38],"Bottled Lightning":"Malaise","obtain_stats":[{"Dead Branch":43,"Vajra":30,"HoveringKite":34,"Mango":9,"Akabeko":28,"SsserpentHead":21,"OrangePellets":36,"Frozen Eye":46,"Nunchaku":0,"Bottled Flame":10,"Lizard Tail":42,"Gambling Chip":12,"MutagenicStrength":29,"Bird Faced Urn":48,"Orrery":14,"Philosopher\u0027s Stone":17,"Turnip":37,"Kunai":40,"Bottled Lightning":55,"Ring of the Snake":0},{"Dead Branch":21,"Vajra":15,"HoveringKite":17,"Mango":5,"Akabeko":15,"SsserpentHead":12,"OrangePellets":18,"Frozen Eye":22,"Nunchaku":0,"Bottled Flame":6,"Lizard Tail":21,"Gambling Chip":8,"MutagenicStrength":15,"Bird Faced Urn":24,"Orrery":9,"Philosopher\u0027s Stone":10,"Turnip":19,"Kunai":20,"Bottled Lightning":27,"Ring of the Snake":0},{"Dead Branch":90,"Vajra":66,"HoveringKite":74,"Mango":22,"Akabeko":66,"SsserpentHead":52,"OrangePellets":76,"Frozen Eye":92,"Nunchaku":0,"Bottled Flame":30,"Lizard Tail":90,"Gambling Chip":37,"MutagenicStrength":66,"Bird Faced Urn":97,"Orrery":41,"Philosopher\u0027s Stone":46,"Turnip":79,"Kunai":86,"Bottled Lightning":114,"Ring of the Snake":0}],"Ring of the Snake":[56]},"card_choices":[{"not_picked":["Bane","Sucker Punch"],"picked":"Leg Sweep","floor":1},{"not_picked":["Acrobatics","Underhanded Strike"],"picked":"Dagger Throw","floor":2},{"not_picked":["Bane","Quick Slash"],"picked":"Malaise","floor":3},{"not_picked":["Dagger Throw","Dagger Spray"],"picked":"Blade Dance","floor":7},{"not_picked":["Quick Slash","Distraction"],"picked":"Flying Knee","floor":8},{"not_picked":["Blur","Wraith Form v2"],"picked":"A Thousand Cuts","floor":10},{"not_picked":["Tactician","Dodge and Roll"],"picked":"Blade Dance","floor":12},{"not_picked":["Prepared","Flechettes","Caltrops"],"picked":"SKIP","floor":13},{"not_picked":["Escape Plan","Predator"],"picked":"Accuracy","floor":14},{"not_picked":["Wraith Form v2","Acrobatics"],"picked":"Calculated Gamble","floor":14},{"not_picked":["Cloak And Dagger","Deadly Poison"],"picked":"Acrobatics","floor":14},{"not_picked":["Wraith Form v2","Flying Knee"],"picked":"Tactician","floor":14},{"not_picked":["Glass Knife","Envenom"],"picked":"A Thousand Cuts","floor":16},{"not_picked":["Deflect","Poisoned Stab","Dodge and Roll"],"picked":"SKIP","floor":18},{"not_picked":["Cloak And Dagger","Infinite Blades","Concentrate"],"picked":"SKIP","floor":20},{"not_picked":["Infinite Blades+1","Dagger Throw+1"],"picked":"Blade Dance","floor":24},{"not_picked":["Flying Knee","Distraction","Dagger Throw"],"picked":"SKIP","floor":27},{"not_picked":["Outmaneuver","Acrobatics"],"picked":"After Image","floor":28},{"not_picked":["Flechettes","Eviscerate","Footwork"],"picked":"SKIP","floor":31},{"not_picked":["A Thousand Cuts","Burst"],"picked":"After Image","floor":33},{"not_picked":["Quick Slash","Slice"],"picked":"Finisher","floor":35},{"not_picked":["Enlightenment","Transmutation"],"picked":"Finesse","floor":39},{"not_picked":["Metamorphosis","Master of Strategy"],"picked":"Finesse","floor":39},{"not_picked":["Finesse","Jack Of All Trades"],"picked":"PanicButton","floor":39},{"not_picked":["Eviscerate","Envenom","Deadly Poison+1"],"picked":"SKIP","floor":40},{"not_picked":["Eviscerate","Envenom","Deadly Poison+1"],"picked":"SKIP","floor":40},{"not_picked":["Eviscerate","Envenom","Deadly Poison+1"],"picked":"SKIP","floor":40},{"not_picked":["Flying Knee","Poisoned Stab"],"picked":"PiercingWail","floor":42},{"not_picked":["Dagger Throw","Flechettes","Dagger Spray"],"picked":"SKIP","floor":45},{"not_picked":["Flying Knee","PiercingWail+1"],"picked":"Outmaneuver+1","floor":47},{"not_picked":["Prepared","Eviscerate"],"picked":"Deflect","floor":48},{"not_picked":["Catalyst","Tactician","A Thousand Cuts"],"picked":"SKIP","floor":55}],"player_experience":6771084,"relics_obtained":[{"floor":9,"key":"Mango"},{"floor":10,"key":"Bottled Flame"},{"floor":12,"key":"Gambling Chip"},{"floor":28,"key":"Akabeko"},{"floor":30,"key":"Vajra"},{"floor":37,"key":"Turnip"},{"floor":40,"key":"Kunai"},{"floor":42,"key":"Lizard Tail"},{"floor":43,"key":"Dead Branch"},{"floor":48,"key":"Bird Faced Urn"},{"floor":55,"key":"Bottled Lightning"}],"event_choices":[{"cards_removed":["Defend_G"],"damage_healed":0,"gold_gain":0,"player_choice":"Card Removal","damage_taken":7,"max_hp_gain":0,"max_hp_loss":0,"event_name":"Golden Wing","floor":4,"gold_loss":0},{"damage_healed":0,"gold_gain":0,"cards_transformed":["Strike_G"],"player_choice":"Change","damage_taken":0,"max_hp_gain":0,"max_hp_loss":0,"event_name":"Living Wall","floor":5,"gold_loss":0,"cards_obtained":["Caltrops"]},{"damage_healed":0,"gold_gain":0,"player_choice":"Trade","damage_taken":0,"relics_obtained":["SsserpentHead"],"max_hp_gain":0,"max_hp_loss":0,"event_name":"FaceTrader","floor":21,"gold_loss":0},{"damage_healed":0,"gold_gain":0,"player_choice":"Inject Mutagens","damage_taken":0,"relics_obtained":["MutagenicStrength"],"max_hp_gain":0,"max_hp_loss":0,"event_name":"Drug Dealer","floor":29,"gold_loss":0},{"damage_healed":0,"gold_gain":0,"player_choice":"Fight","damage_taken":0,"max_hp_gain":0,"max_hp_loss":0,"event_name":"MindBloom","floor":37,"gold_loss":0},{"cards_removed":["Flying Knee"],"damage_healed":0,"gold_gain":0,"player_choice":"Removed Attack","damage_taken":0,"max_hp_gain":0,"max_hp_loss":0,"event_name":"Falling","floor":38,"gold_loss":0},{"damage_healed":0,"gold_gain":0,"player_choice":"Memory 3","damage_taken":10,"max_hp_gain":0,"max_hp_loss":0,"event_name":"SensoryStone","floor":39,"gold_loss":0},{"damage_healed":0,"gold_gain":0,"player_choice":"Fight","damage_taken":0,"max_hp_gain":0,"max_hp_loss":0,"event_name":"Mysterious Sphere","floor":48,"gold_loss":0}],"is_beta":false,"boss_relics":[{"not_picked":["Black Star","Sozu"],"picked":"Philosopher\u0027s Stone"},{"not_picked":["Ring of the Serpent","Fusion Hammer"],"picked":"HoveringKite"}],"items_purged_floors":[19,22,36,54],"is_endless":false,"potions_floor_spawned":[3,10,12,13,20,24,31,37,42,47],"ascension_level":20}