{"gold_per_floor":[19,37,50,50,66,97,97,127,154,0,27,46,61,61,61,140,140,157,174,184,184,99,99,131,21,21,36,36,61,73,73,73,152,152,166,66,81,134,150,150,176,176,176,189,216,52,52,83,83,83,83,83,83,15,43,43],"floor_reached":57,"playtime":3926,"items_purged":["Decay","Strike_G","Strike_G"],"score":3230,"play_id":"c07333df-616e-431a-9a56-ec6efd9ff144","local_time":"20220517173205","is_ascension_mode":true,"campfire_choices":[{"data":"The Bomb","floor":7,"key":"SMITH"},{"data":"Well Laid Plans","floor":15,"key":"SMITH"},{"data":"Ghostly","floor":23,"key":"SMITH"},{"data":"Burst","floor":28,"key":"SMITH"},{"data":"Ghostly","floor":32,"key":"SMITH"},{"floor":40,"key":"RECALL"},{"data":"Catalyst","floor":47,"key":"SMITH"},{"data":"Wraith Form v2","floor":49,"key":"SMITH"},{"data":"Catalyst","floor":53,"key":"SMITH"}],"neow_cost":"NO_GOLD","seed_source_timestamp":289036073363400,"shop_contents":[{"floor":10,"relics":["Ancient Tea Set","Regal Pillow","Orrery"],"cards":["Slice","Flying Knee","Acrobatics","Prepared","Infinite Blades","Blind","Secret Technique"],"potions":["Fruit Juice","DistilledChaos"]},{"floor":25,"relics":["Meat on the Bone","Mercury Hourglass","Chemical X"],"cards":["Poisoned Stab","Underhanded Strike","Backflip","Cloak And Dagger","Well Laid Plans","Flash of Steel","Magnetism"],"potions":["ColorlessPotion","Regen Potion"]},{"floor":36,"relics":["Prayer Wheel","StrikeDummy","Frozen Eye"],"cards":["Sucker Punch","Predator","Acrobatics","Prepared","Infinite Blades","Dramatic Entrance","Mayhem"],"potions":["Ancient Potion","Fruit Juice","EntropicBrew"]},{"floor":46,"relics":["Centennial Puzzle","Orichalcum","OrangePellets"],"cards":["Skewer","Finisher","Blur","Blade Dance","Infinite Blades","Madness","Metamorphosis"],"potions":["Weak Potion","CunningPotion","AttackPotion"]},{"floor":54,"relics":["White Beast Statue","Shuriken","HandDrill"],"cards":["Slice","Flying Knee","Outmaneuver","Escape Plan","Noxious Fumes","Impatience","The Bomb"],"potions":["Strength Potion","EssenceOfSteel","Poison Potion"]}],"circlet_count":0,"master_deck":["AscendersBane","Strike_G","Strike_G","Strike_G","Defend_G","Defend_G","Defend_G","Defend_G","Defend_G","Survivor","Neutralize","The Bomb+1","Dash","Dagger Throw","Leg Sweep","All Out Attack","Well Laid Plans+1","Backflip","Malaise","Burst+1","Bouncing Flask","Ghostly+1","Ghostly","Ghostly+1","Calculated Gamble","Crippling Poison","Escape Plan","Ghostly+1","Wraith Form v2+1","Prepared","Catalyst+1","Bouncing Flask","Catalyst+1","Malaise","Bullet Time","PiercingWail"],"potion_use_per_floor":[[],[],[],[],[],["BlessingOfTheForge"],[],[],[],[],[],[],[],[],[],["LiquidMemories"],[],[],[],[],[],[],[],["GamblersBrew"],[],[],[],[],[],[],[],[],["BlessingOfTheForge"],[],[],[],[],[],[],[],[],[],[],[],[],[],[],[],[],[],[],[],[],[],[],["Ancient Potion","Swift Potion"],[]],"relics":["Ring of the Snake","Pen Nib","Vajra","Happy Flower","Runic Pyramid","Oddly Smooth Stone","Potion Belt","FossilizedHelix","Tiny Chest","Cursed Key","Ice Cream","Toy Ornithopter","The Courier","Sundial","Bag of Marbles"],"potions_floor_usage":[6,16,24,33,56,56],"damage_taken":[{"damage":2,"enemies":"Small Slimes","floor":1,"turns":3},{"damage":0,"enemies":"Cultist","floor":2,"turns":3},{"damage":2,"enemies":"Jaw Worm","floor":3,"turns":4},{"damage":33,"enemies":"Exordium Wildlife","floor":5,"turns":10},{"damage":0,"enemies":"Gremlin Nob","floor":6,"turns":3},{"damage":12,"enemies":"Lagavulin","floor":8,"turns":7},{"damage":0,"enemies":"3 Louse","floor":12,"turns":2},{"damage":0,"enemies":"Red Slaver","floor":13,"turns":3},{"damage":2,"enemies":"Slime Boss","floor":16,"turns":6},{"damage":6,"enemies":"Spheric Guardian","floor":18,"turns":6},{"damage":6,"enemies":"Shell Parasite","floor":19,"turns":9},{"damage":1,"enemies":"Snecko","floor":20,"turns":6},{"damage":0,"enemies":"Slavers","floor":24,"turns":3},{"damage":0,"enemies":"Cultist and Chosen","floor":27,"turns":6},{"damage":0,"enemies":"Gremlin Leader","floor":29,"turns":6},{"damage":0,"enemies":"Centurion and Healer","floor":30,"turns":3},{"damage":4,"enemies":"Champ","floor":33,"turns":18},{"damage":0,"enemies":"Orb Walker","floor":35,"turns":6},{"damage":0,"enemies":"3 Darklings","floor":37,"turns":3},{"damage":0,"enemies":"2 Orb Walkers","floor":38,"turns":7},{"damage":0,"enemies":"Sphere and 2 Shapes","floor":39,"turns":6},{"damage":0,"enemies":"Nemesis","floor":41,"turns":11},{"damage":0,"enemies":"Transient","floor":44,"turns":6},{"damage":0,"enemies":"Reptomancer","floor":45,"turns":9},{"damage":0,"enemies":"Nemesis","floor":48,"turns":3},{"damage":0,"enemies":"Time Eater","floor":50,"turns":9},{"damage":13,"enemies":"Donu and Deca","floor":51,"turns":12},{"damage":0,"enemies":"Shield and Spear","floor":55,"turns":9},{"damage":20,"enemies":"The Heart","floor":56,"turns":10}],"seed_played":"1866565819838213692","neow_bonus_log":{"cardsObtained":[],"cardsUpgraded":[],"cardsRemoved":[],"cardsTransformed":[],"relicsObtained":[],"maxHpGained":0,"goldGained":0,"damageTaken":0,"goldLost":99,"maxHpLost":0},"potions_obtained":[{"floor":1,"key":"GamblersBrew"},{"floor":2,"key":"BlessingOfTheForge"},{"floor":20,"key":"BlessingOfTheForge"},{"floor":27,"key":"ColorlessPotion"},{"floor":33,"key":"Ancient Potion"},{"floor":35,"key":"Swift Potion"},{"floor":37,"key":"DuplicationPotion"}],"is_trial":false,"path_per_floor":["M","M","M","?","M","E","R","E","T","$","T","M","M","?","R","B",null,"M","M","M","?","?","R","E","$","T","M","R","E","M","?","R","B",null,"M","$","M","?","M","R","E","?","T","M","E","$","R","E","R","B","B",null,"R","$","E","B",null],"character_chosen":"THE_SILENT","items_purchased":["LiquidMemories","GhostInAJar","Catalyst","Bullet Time"],"campfire_rested":0,"item_purchase_floors":[10,25,46,54],"current_hp_per_floor":[57,57,55,55,22,22,22,10,10,10,10,10,10,10,10,8,52,46,40,39,33,33,33,33,33,33,33,33,33,33,33,33,29,32,32,32,32,32,32,32,32,32,32,32,32,32,32,32,32,32,19,30,30,30,30,18],"gold":43,"neow_bonus":"RANDOM_COLORLESS_2","is_prod":false,"is_daily":false,"rewards_skipped":[{"floor":12,"relics":[],"potions":["Strength Potion"]},{"floor":41,"relics":[],"potions":["FearPotion"]},{"floor":45,"relics":[],"potions":["Energy Potion"]},{"floor":55,"relics":[],"potions":["Dexterity Potion"]}],"chose_seed":false,"campfire_upgraded":8,"win_rate":0,"floor_exit_playtime":[107,138,190,212,333,374,384,479,485,503,517,567,610,653,660,782,865,972,1121,1227,1274,1281,1293,1449,1487,1493,1571,1580,1701,1753,1764,1787,2103,2146,2228,2249,2346,2439,2530,2544,2684,2691,2694,2781,2936,2991,3001,3045,3059,3200,3441,3459,3470,3492,3672,3926],"timestamp":1652823125,"blue_key_relic_skipped_log":{"floor":11,"relicID":"Juzu Bracelet"},"path_taken":["M","M","M","?","M","E","R","E","T","$","?","M","M","?","R","BOSS","M","M","M","?","?","R","E","$","T","M","R","E","M","?","R","BOSS","M","$","M","?","M","R","E","?","T","M","E","$","R","E","R","BOSS","BOSS","R","$","E","BOSS"],"build_version":"2022-03-07","purchased_purges":3,"victory":true,"max_hp_per_floor":[66,66,66,66,66,66,66,66,66,66,66,66,66,66,66,66,66,66,66,66,33,33,33,33,33,33,33,33,33,33,33,33,33,33,33,33,33,33,33,33,33,33,33,33,33,33,33,33,33,33,33,33,33,33,33,33],"relic_stats":{"Ice Cream":[138],"Happy Flower":[53],"counters":[29,189],"Sundial":[2],"Tiny Chest":0,"Pen Nib":[16],"The Courier":58,"Cursed Key":0,"obtain_stats":[{"Potion Belt":24,"Ice Cream":38,"Happy Flower":9,"Vajra":8,"Oddly Smooth Stone":22,"Pen Nib":6,"The Courier":45,"Cursed Key":34,"Sundial":48,"Tiny Chest":29,"Bag of Marbles":55,"FossilizedHelix":26,"Toy Ornithopter":41,"Ring of the Snake":0,"Runic Pyramid":17},{"Potion Belt":13,"Ice Cream":20,"Happy Flower":6,"Vajra":6,"Oddly Smooth Stone":12,"Pen Nib":5,"The Courier":24,"Cursed Key":17,"Sundial":25,"Tiny Chest":15,"Bag of Marbles":28,"FossilizedHelix":13,"Toy Ornithopter":22,"Ring of the Snake":0,"Runic Pyramid":9},{"Potion Belt":65,"Ice Cream":114,"Happy Flower":30,"Vajra":30,"Oddly Smooth Stone":62,"Pen Nib":23,"The Courier":146,"Cursed Key":98,"Sundial":149,"Tiny Chest":77,"Bag of Marbles":179,"FossilizedHelix":65,"Toy Ornithopter":131,"Ring of the Snake":0,"Runic Pyramid":41}],"FossilizedHelix":[124],"Toy Ornithopter":8,"Ring of the Snake":[58]},"card_choices":[{"not_picked":["Sadistic Nature","Chrysalis"],"picked":"The Bomb","floor":0},{"not_picked":["Heel Hook","Predator"],"picked":"Dash","floor":1},{"not_picked":["Poisoned Stab","Blur"],"picked":"Dagger Throw","floor":2},{"not_picked":["Underhanded Strike","Choke"],"picked":"Leg Sweep","floor":3},{"not_picked":["Deflect","Finisher"],"picked":"All Out Attack","floor":6},{"not_picked":["Slice","All Out Attack"],"picked":"Well Laid Plans","floor":8},{"not_picked":["Sucker Punch","Acrobatics"],"picked":"Backflip","floor":12},{"not_picked":["Sucker Punch","Quick Slash"],"picked":"Malaise","floor":13},{"not_picked":["Night Terror","Bullet Time"],"picked":"Burst","floor":16},{"not_picked":["Quick Slash","Heel Hook"],"picked":"Bouncing Flask","floor":18},{"not_picked":["Sucker Punch","Dagger Throw","Dagger Spray"],"picked":"SKIP","floor":19},{"not_picked":["Sucker Punch","Dagger Throw","Dagger Spray"],"picked":"SKIP","floor":19},{"not_picked":["Choke","Acrobatics","Eviscerate"],"picked":"SKIP","floor":20},{"not_picked":["Underhanded Strike","Heel Hook"],"picked":"Calculated Gamble","floor":24},{"not_picked":["Sucker Punch","Well Laid Plans"],"picked":"Crippling Poison","floor":27},{"not_picked":["Riddle With Holes","Caltrops","Dagger Throw+1"],"picked":"SKIP","floor":29},{"not_picked":["Expertise+1","Footwork"],"picked":"Escape Plan","floor":30},{"not_picked":["Corpse Explosion","Adrenaline"],"picked":"Wraith Form v2","floor":33},{"not_picked":["Flying Knee","Dagger Throw","Deflect"],"picked":"SKIP","floor":35},{"not_picked":["Wraith Form v2","Bane+1"],"picked":"Prepared","floor":37},{"not_picked":["Bane+1","Backflip+1"],"picked":"Catalyst","floor":38},{"not_picked":["Terror","Deadly Poison"],"picked":"Bouncing Flask","floor":39},{"not_picked":["Riddle With Holes+1","Dagger Throw+1","Flying Knee"],"picked":"SKIP","floor":41},{"not_picked":["Blade Dance+1","Backstab","Slice"],"picked":"SKIP","floor":44},{"not_picked":["Backflip","Deadly Poison","Quick Slash+1"],"picked":"SKIP","floor":45},{"not_picked":["Skewer","Escape Plan"],"picked":"Malaise","floor":48},{"not_picked":["Backflip","Concentrate"],"picked":"PiercingWail","floor":55}],"player_experience":6960822,"relics_obtained":[{"floor":6,"key":"Pen Nib"},{"floor":8,"key":"Vajra"},{"floor":9,"key":"Happy Flower"},{"floor":24,"key":"Potion Belt"},{"floor":26,"key":"FossilizedHelix"},{"floor":29,"key":"Tiny Chest"},{"floor":38,"key":"Ice Cream"},{"floor":41,"key":"Toy Ornithopter"},{"floor":45,"key":"The Courier"},{"floor":48,"key":"Sundial"},{"floor":55,"key":"Bag of Marbles"}],"event_choices":[{"damage_healed":0,"gold_gain":0,"player_choice":"Cursed","damage_taken":0,"max_hp_gain":0,"max_hp_loss":0,"event_name":"Wheel of Change","floor":4,"gold_loss":0,"cards_obtained":["Decay"]},{"damage_healed":0,"gold_gain":0,"player_choice":"Ignored","damage_taken":0,"max_hp_gain":0,"max_hp_loss":0,"event_name":"Liars Game","floor":14,"gold_loss":0},{"damage_healed":0,"gold_gain":0,"player_choice":"Became a Ghost","damage_taken":0,"max_hp_gain":0,"max_hp_loss":33,"event_name":"Ghosts","floor":21,"gold_loss":0,"cards_obtained":["Ghostly","Ghostly","Ghostly"]},{"damage_healed":0,"gold_gain":0,"player_choice":"Obtained Relic","damage_taken":0,"relics_obtained":["Oddly Smooth Stone"],"max_hp_gain":0,"max_hp_loss":0,"event_name":"Addict","floor":22,"gold_loss":85},{"damage_healed":0,"gold_gain":0,"player_choice":"Copied","damage_taken":0,"max_hp_gain":0,"max_hp_loss":0,"event_name":"Duplicator","floor":31,"gold_loss":0,"cards_obtained":["Ghostly"]},{"damage_healed":0,"gold_gain":0,"player_choice":"Fight","damage_taken":0,"max_hp_gain":0,"max_hp_loss":0,"event_name":"Mysterious Sphere","floor":38,"gold_loss":0},{"damage_healed":0,"gold_gain":0,"player_choice":"Ignored","damage_taken":0,"max_hp_gain":0,"max_hp_loss":0,"event_name":"Tomb of Lord Red Mask","floor":42,"gold_loss":0}],"is_beta":false,"boss_relics":[{"not_picked":["Fusion Hammer","Philosopher\u0027s Stone"],"picked":"Runic Pyramid"},{"not_picked":["Black Star","Runic Dome"],"picked":"Cursed Key"}],"items_purged_floors":[10,36,46],"is_endless":false,"potions_floor_spawned":[1,2,12,20,27,33,35,37,41,45,55],"ascension_level":20,"potion_discard_per_floor":[[],[],[],[],[],[],[],[],[],[],[],[],[],[],[],[],[],[],[],[],[],[],[],[],[],[],[],[],[],[],[],[],[],[],[],[],["ColorlessPotion"],[],[],[],[],[],[],[],[],[],[],[],[],[],[],[],[],[],[],[],[]]}