{"gold_per_floor":[216,216,22,41,59,59,86,86,86,113,132,196,221,221,221,320,320,295,330,14,14,14,57,57,95,121,159,159,184,227,227,227,316,316,329,353,88,149,170,170,214,214,266,307,332,344,232,232,232,232,232,232,232,13,56,56],"floor_reached":57,"playtime":4425,"items_purged":["Defend_G","Strike_G+1","Strike_G+1","Strike_G+1"],"score":3055,"play_id":"d372caae-e162-4519-aa23-164660069eac","local_time":"20220511155348","is_ascension_mode":true,"campfire_choices":[{"data":"Dagger Spray","floor":6,"key":"SMITH"},{"data":"Phantasmal Killer","floor":15,"key":"SMITH"},{"data":"Malaise","floor":24,"key":"SMITH"},{"data":"Well Laid Plans","floor":28,"key":"SMITH"},{"data":"Neutralize","floor":32,"key":"SMITH"},{"data":"Accuracy","floor":40,"key":"SMITH"},{"floor":42,"key":"RECALL"},{"data":"After Image","floor":46,"key":"SMITH"},{"data":"Apotheosis","floor":49,"key":"SMITH"},{"data":"Venomology","floor":53,"key":"SMITH"}],"neow_cost":"NONE","seed_source_timestamp":3120655673216500,"shop_contents":[{"floor":3,"relics":["Question Card","Regal Pillow"],"cards":["Backstab","PiercingWail","Tactician","Accuracy","Jack Of All Trades","Master of Strategy"],"potions":["Weak Potion","Poison Potion","Swift Potion"]},{"floor":20,"relics":["InkBottle"],"cards":["Bane","Slice","Cloak And Dagger","Setup","Caltrops","Mind Blast","Violence"],"potions":["SkillPotion","Dexterity Potion"]},{"floor":37,"relics":["Pantograph"],"cards":["Underhanded Strike","Slice","Dodge and Roll","Bouncing Flask","Flash of Steel","Transmutation"],"potions":["CunningPotion","SneckoOil","Block Potion"]},{"floor":47,"relics":["Blood Vial","Bag of Preparation","HandDrill"],"cards":["Slice","Flechettes","Bouncing Flask","Bandage Up","The Bomb"],"potions":["PowerPotion","Fire Potion","Ancient Potion"]},{"floor":54,"relics":["Sundial","Boot"],"cards":["Underhanded Strike","Grand Finale","Blade Dance","Outmaneuver","Well Laid Plans","Trip"],"potions":["ColorlessPotion","Dexterity Potion","FearPotion"]}],"circlet_count":0,"master_deck":["AscendersBane","Strike_G+1","Strike_G+1","Defend_G+1","Defend_G+1","Defend_G+1","Defend_G+1","Survivor","Neutralize+1","Dagger Spray+1","Slice","Blade Dance+1","Dagger Throw","Phantasmal Killer+1","PiercingWail","Well Laid Plans+1","PiercingWail+1","Malaise+1","Blade Dance","Escape Plan+1","After Image+1","Escape Plan","Venomology+1","Expertise+1","Accuracy+1","Blade Dance","Terror","Tools of the Trade","Accuracy","Acrobatics","Panache","Apotheosis+1","After Image+1","Secret Technique"],"potion_use_per_floor":[[],[],[],[],[],[],["Explosive Potion"],[],[],[],[],[],[],[],[],["LiquidBronze"],[],[],["Swift Potion"],[],[],[],[],[],[],[],[],[],[],[],[],[],["Swift Potion","Ancient Potion"],[],[],["PowerPotion"],[],["Weak Potion"],["Energy Potion"],[],["Weak Potion","SkillPotion"],[],[],["LiquidMemories","DuplicationPotion"],["Weak Potion"],[],[],[],[],["Ancient Potion"],["DistilledChaos"],[],[],[],["DistilledChaos"],["DuplicationPotion","SpeedPotion","GamblersBrew","Weak Potion"],[]],"relics":["Ring of the Snake","Sling","Matryoshka","Smiling Mask","Ninja Scroll","Bottled Flame","Paper Crane","Mercury Hourglass","Golden Idol","SlaversCollar","Red Mask","Membership Card","Omamori","Potion Belt","Toy Ornithopter","Happy Flower","Bronze Scales","Meat on the Bone","Philosopher\u0027s Stone","ClockworkSouvenir","War Paint","Thread and Needle","Pen Nib","PreservedInsect","MawBank","DollysMirror","StoneCalendar"],"potions_floor_usage":[7,16,19,33,33,36,38,39,41,41,44,44,45,50,51,55,56,56,56,56],"damage_taken":[{"damage":0,"enemies":"2 Louse","floor":1,"turns":4},{"damage":0,"enemies":"Jaw Worm","floor":4,"turns":4},{"damage":0,"enemies":"Small Slimes","floor":5,"turns":2},{"damage":0,"enemies":"3 Sentries","floor":7,"turns":2},{"damage":0,"enemies":"3 Louse","floor":11,"turns":1},{"damage":6,"enemies":"Gremlin Nob","floor":12,"turns":3},{"damage":3,"enemies":"Gremlin Nob","floor":13,"turns":3},{"damage":21,"enemies":"The Guardian","floor":16,"turns":10},{"damage":6,"enemies":"2 Thieves","floor":18,"turns":4},{"damage":6,"enemies":"Masked Bandits","floor":19,"turns":3},{"damage":5,"enemies":"Slavers","floor":23,"turns":3},{"damage":0,"enemies":"Gremlin Leader","floor":25,"turns":4},{"damage":4,"enemies":"Book of Stabbing","floor":27,"turns":4},{"damage":0,"enemies":"3 Byrds","floor":29,"turns":2},{"damage":0,"enemies":"Slavers","floor":30,"turns":3},{"damage":25,"enemies":"Collector","floor":33,"turns":13},{"damage":0,"enemies":"3 Shapes","floor":35,"turns":6},{"damage":5,"enemies":"Orb Walker","floor":36,"turns":4},{"damage":16,"enemies":"2 Orb Walkers","floor":38,"turns":4},{"damage":6,"enemies":"Jaw Worm Horde","floor":39,"turns":5},{"damage":4,"enemies":"Reptomancer","floor":41,"turns":5},{"damage":5,"enemies":"Nemesis","floor":44,"turns":3},{"damage":0,"enemies":"Spire Growth","floor":45,"turns":4},{"damage":10,"enemies":"Time Eater","floor":50,"turns":5},{"damage":0,"enemies":"Awakened One","floor":51,"turns":7},{"damage":0,"enemies":"Shield and Spear","floor":55,"turns":3},{"damage":28,"enemies":"The Heart","floor":56,"turns":8}],"seed_played":"492046358597368179","neow_bonus_log":{"cardsObtained":[],"cardsUpgraded":[],"cardsRemoved":[],"cardsTransformed":[],"relicsObtained":[],"maxHpGained":0,"goldGained":100,"damageTaken":0,"goldLost":0,"maxHpLost":0},"potions_obtained":[{"floor":1,"key":"Weak Potion"},{"floor":5,"key":"Explosive Potion"},{"floor":13,"key":"LiquidBronze"},{"floor":18,"key":"Swift Potion"},{"floor":25,"key":"Swift Potion"},{"floor":27,"key":"Ancient Potion"},{"floor":35,"key":"SpeedPotion"},{"floor":39,"key":"Weak Potion"},{"floor":41,"key":"LiquidMemories"},{"floor":44,"key":"GamblersBrew"},{"floor":45,"key":"Ancient Potion"},{"floor":55,"key":"Weak Potion"}],"is_trial":false,"path_per_floor":["M","?","$","M","M","R","E","?","T","T","M","?","E","?","R","B",null,"M","?","$","?","?","E","R","E","T","E","R","M","E","?","R","B",null,"M","M","$","?","M","R","E","R","T","E","M","R","$","?","R","B","B",null,"R","$","E","B",null],"character_chosen":"THE_SILENT","items_purchased":["Sling","Slice","Membership Card","Omamori","Energy Potion","ClockworkSouvenir","Accuracy","War Paint","Accuracy","Acrobatics","DollysMirror","Secret Technique"],"campfire_rested":0,"item_purchase_floors":[3,3,20,20,20,37,37,37,47,47,54,54],"current_hp_per_floor":[59,64,64,64,64,64,64,43,43,43,43,37,34,34,34,13,51,45,39,39,52,52,47,47,47,47,43,43,43,43,43,43,40,58,58,58,58,47,46,46,52,52,52,57,62,62,62,52,52,47,52,61,61,61,64,49],"gold":56,"neow_bonus":"HUNDRED_GOLD","is_prod":false,"is_daily":false,"rewards_skipped":[{"floor":30,"relics":[],"potions":["AttackPotion"]}],"chose_seed":false,"campfire_upgraded":9,"win_rate":0,"floor_exit_playtime":[110,120,169,215,258,273,361,371,386,444,470,615,685,717,765,975,1076,1169,1318,1403,1465,1479,1565,1574,1664,1692,1820,1826,1880,1995,2016,2028,2367,2443,2537,2615,2699,2799,2933,2950,3105,3126,3132,3253,3330,3360,3421,3455,3471,3622,3855,3882,3904,3970,4090,4425],"timestamp":1652298828,"blue_key_relic_skipped_log":{"floor":10,"relicID":"Dream Catcher"},"path_taken":["M","?","$","M","M","R","E","?","T","?","M","?","E","?","R","BOSS","M","?","$","?","?","E","R","E","T","E","R","M","E","?","R","BOSS","M","M","$","?","M","R","E","R","T","E","M","R","$","?","R","BOSS","BOSS","R","$","E","BOSS"],"build_version":"2022-03-07","purchased_purges":4,"victory":true,"max_hp_per_floor":[66,71,71,71,71,71,71,71,71,71,71,71,71,64,64,64,64,64,64,64,64,64,64,64,64,64,64,64,64,64,64,64,64,64,64,64,64,64,64,64,64,64,64,64,64,64,64,64,64,64,64,64,64,64,64,64],"relic_stats":{"Happy Flower":[25],"counters":[27,118],"Golden Idol":195,"StoneCalendar":[0],"Pen Nib":[11],"PreservedInsect":127,"Omamori":0,"War Paint":["Escape Plan","PiercingWail"],"Smiling Mask":26,"MawBank":36,"Mercury Hourglass":[408],"Bottled Flame":"Dagger Spray","Matryoshka":2,"Bronze Scales":[289],"Membership Card":784,"obtain_stats":[{"StoneCalendar":55,"Sling":3,"Smiling Mask":9,"ClockworkSouvenir":37,"Matryoshka":7,"Ninja Scroll":9,"DollysMirror":54,"Philosopher\u0027s Stone":34,"Red Mask":19,"Ring of the Snake":0,"Potion Belt":23,"Happy Flower":26,"Golden Idol":14,"Thread and Needle":38,"Pen Nib":41,"PreservedInsect":43,"Omamori":20,"Paper Crane":12,"War Paint":37,"MawBank":44,"Mercury Hourglass":13,"SlaversCollar":17,"Bottled Flame":10,"Bronze Scales":27,"Membership Card":20,"Toy Ornithopter":25,"Meat on the Bone":30},{"StoneCalendar":26,"Sling":1,"Smiling Mask":4,"ClockworkSouvenir":18,"Matryoshka":4,"Ninja Scroll":4,"DollysMirror":25,"Philosopher\u0027s Stone":16,"Red Mask":10,"Ring of the Snake":0,"Potion Belt":11,"Happy Flower":12,"Golden Idol":7,"Thread and Needle":19,"Pen Nib":21,"PreservedInsect":21,"Omamori":10,"Paper Crane":5,"War Paint":18,"MawBank":22,"Mercury Hourglass":7,"SlaversCollar":8,"Bottled Flame":4,"Bronze Scales":13,"Membership Card":10,"Toy Ornithopter":12,"Meat on the Bone":15},{"StoneCalendar":110,"Sling":4,"Smiling Mask":12,"ClockworkSouvenir":74,"Matryoshka":12,"Ninja Scroll":12,"DollysMirror":107,"Philosopher\u0027s Stone":64,"Red Mask":36,"Ring of the Snake":0,"Potion Belt":38,"Happy Flower":42,"Golden Idol":19,"Thread and Needle":78,"Pen Nib":88,"PreservedInsect":88,"Omamori":36,"Paper Crane":13,"War Paint":74,"MawBank":91,"Mercury Hourglass":19,"SlaversCollar":29,"Bottled Flame":12,"Bronze Scales":46,"Membership Card":36,"Toy Ornithopter":42,"Meat on the Bone":51}],"Toy Ornithopter":76,"Ring of the Snake":[54],"Meat on the Bone":12},"card_choices":[{"not_picked":["Endless Agony","Cloak And Dagger"],"picked":"Dagger Spray","floor":1},{"not_picked":["Masterful Stab","Crippling Poison"],"picked":"Blade Dance","floor":4},{"not_picked":["Dagger Spray","Choke"],"picked":"Dagger Throw","floor":5},{"not_picked":["Skewer","Blade Dance"],"picked":"Phantasmal Killer","floor":7},{"not_picked":["Prepared","Dagger Spray"],"picked":"PiercingWail","floor":11},{"not_picked":["Sucker Punch","Dodge and Roll"],"picked":"Well Laid Plans","floor":12},{"not_picked":["Tactician","Escape Plan"],"picked":"PiercingWail","floor":13},{"not_picked":["Adrenaline","After Image"],"picked":"Malaise","floor":16},{"not_picked":["Heel Hook","Poisoned Stab","Slice"],"picked":"SKIP","floor":18},{"not_picked":["Heel Hook","Bane"],"picked":"Blade Dance","floor":19},{"not_picked":["Outmaneuver","Riddle With Holes"],"picked":"Escape Plan","floor":23},{"not_picked":["Distraction+1","Slice","Deadly Poison+1"],"picked":"SKIP","floor":25},{"not_picked":["Leg Sweep","Skewer"],"picked":"After Image","floor":27},{"not_picked":["Cloak And Dagger","Riddle With Holes","Tactician"],"picked":"SKIP","floor":29},{"not_picked":["Slice","Dagger Throw"],"picked":"Escape Plan","floor":30},{"not_picked":["Phantasmal Killer","Corpse Explosion"],"picked":"Venomology","floor":33},{"not_picked":["Tactician","Backstab"],"picked":"Expertise+1","floor":35},{"not_picked":["Dagger Spray+1","Quick Slash","Deadly Poison+1"],"picked":"SKIP","floor":36},{"not_picked":["Dagger Throw","Outmaneuver"],"picked":"Blade Dance","floor":38},{"not_picked":["Slice","Backstab","Prepared"],"picked":"SKIP","floor":39},{"not_picked":["Slice","Backstab","Prepared"],"picked":"SKIP","floor":39},{"not_picked":["Dodge and Roll","Leg Sweep"],"picked":"Terror","floor":41},{"not_picked":["Quick Slash","Flying Knee"],"picked":"Tools of the Trade","floor":44},{"not_picked":["Masterful Stab+1","Crippling Poison","Finisher+1"],"picked":"SKIP","floor":45},{"not_picked":["Chrysalis","Trip"],"picked":"Panache","floor":48},{"not_picked":["Panache","Madness"],"picked":"Apotheosis","floor":48},{"not_picked":["Trip","Deep Breath","Thinking Ahead"],"picked":"SKIP","floor":48},{"not_picked":["Cloak And Dagger","Deadly Poison","Flying Knee"],"picked":"SKIP","floor":55}],"player_experience":6901793,"relics_obtained":[{"floor":7,"key":"Matryoshka"},{"floor":9,"key":"Smiling Mask"},{"floor":9,"key":"Ninja Scroll"},{"floor":10,"key":"Bottled Flame"},{"floor":13,"key":"Mercury Hourglass"},{"floor":19,"key":"Red Mask"},{"floor":23,"key":"Potion Belt"},{"floor":25,"key":"Toy Ornithopter"},{"floor":26,"key":"Happy Flower"},{"floor":27,"key":"Bronze Scales"},{"floor":30,"key":"Meat on the Bone"},{"floor":38,"key":"Thread and Needle"},{"floor":41,"key":"Pen Nib"},{"floor":43,"key":"PreservedInsect"},{"floor":44,"key":"MawBank"},{"floor":55,"key":"StoneCalendar"}],"event_choices":[{"damage_healed":0,"gold_gain":0,"player_choice":"Donut","damage_taken":0,"max_hp_gain":5,"max_hp_loss":0,"event_name":"Big Fish","floor":2,"gold_loss":0},{"damage_healed":0,"gold_gain":0,"player_choice":"Entered Light","damage_taken":21,"max_hp_gain":0,"max_hp_loss":0,"event_name":"Shining Light","floor":8,"gold_loss":0,"cards_upgraded":["Blade Dance","Strike_G"]},{"damage_healed":0,"gold_gain":0,"player_choice":"Searched \u00272\u0027 times","damage_taken":0,"relics_obtained":["Paper Crane"],"max_hp_gain":0,"max_hp_loss":0,"event_name":"Dead Adventurer","floor":12,"gold_loss":0},{"damage_healed":0,"gold_gain":0,"player_choice":"Lose Max HP","damage_taken":0,"relics_obtained":["Golden Idol"],"max_hp_gain":0,"max_hp_loss":7,"event_name":"Golden Idol","floor":14,"gold_loss":0},{"damage_healed":0,"gold_gain":0,"player_choice":"Fought Bandits","damage_taken":0,"max_hp_gain":0,"max_hp_loss":0,"event_name":"Masked Bandits","floor":19,"gold_loss":0},{"damage_healed":13,"gold_gain":0,"player_choice":"Heal","damage_taken":0,"max_hp_gain":0,"max_hp_loss":0,"event_name":"The Library","floor":21,"gold_loss":0},{"damage_healed":0,"gold_gain":0,"player_choice":"Simplicity","damage_taken":0,"max_hp_gain":0,"max_hp_loss":0,"event_name":"Back to Basics","floor":22,"gold_loss":0,"cards_upgraded":["Strike_G","Strike_G","Strike_G","Strike_G","Defend_G","Defend_G","Defend_G","Defend_G"]},{"damage_healed":0,"gold_gain":0,"player_choice":"Ignored","damage_taken":0,"max_hp_gain":0,"max_hp_loss":0,"event_name":"Vampires","floor":31,"gold_loss":0},{"damage_healed":0,"gold_gain":0,"player_choice":"Fight","damage_taken":0,"max_hp_gain":0,"max_hp_loss":0,"event_name":"Mysterious Sphere","floor":38,"gold_loss":0},{"damage_healed":0,"gold_gain":0,"player_choice":"Memory 3","damage_taken":10,"max_hp_gain":0,"max_hp_loss":0,"event_name":"SensoryStone","floor":48,"gold_loss":0}],"is_beta":false,"boss_relics":[{"not_picked":["Ring of the Serpent","Ectoplasm"],"picked":"SlaversCollar"},{"not_picked":["Velvet Choker","Tiny House"],"picked":"Philosopher\u0027s Stone"}],"items_purged_floors":[20,37,47,54],"is_endless":false,"potions_floor_spawned":[1,5,13,18,25,27,30,35,39,41,44,45,55],"ascension_level":20,"potion_discard_per_floor":[[],[],[],[],[],[],[],[],[],[],[],[],[],[],[],[],[],[],[],[],[],[],[],[],[],[],[],[],[],[],[],[],[],[],[],[],[],[],[],[],[],[],[],["DistilledChaos"],["Block Potion"],[],[],[],[],[],[],[],[],[],["FearPotion"],["BlessingOfTheForge"],[]]}