{"gold_per_floor":[114,125,125,142,217,217,245,258,281,281,310,341,366,428,440,530,542,574,597,5,19,45,45,71,88,169,169],"floor_reached":27,"playtime":3019,"items_purged":["Strike_G"],"score":540,"play_id":"78f04c32-1c6c-48d9-a697-ca3d2e5915e5","local_time":"20220511143849","is_ascension_mode":true,"campfire_choices":[{"data":"Blade Dance","floor":6,"key":"SMITH"},{"data":"Bouncing Flask","floor":10,"key":"SMITH"},{"floor":15,"key":"REST"},{"data":"Wraith Form v2","floor":23,"key":"SMITH"}],"neow_cost":"NONE","seed_source_timestamp":3117589710355000,"shop_contents":[{"floor":20,"relics":["Matryoshka","Bottled Flame"],"cards":["All Out Attack","Dagger Throw","Dodge and Roll","Catalyst","Mayhem"],"potions":["Energy Potion"]}],"circlet_count":0,"master_deck":["AscendersBane","Strike_G+1","Strike_G+1","Defend_G","Defend_G","Defend_G","Defend_G","Defend_G","Survivor","Neutralize","Leg Sweep","All Out Attack","Blade Dance+1","Noxious Fumes","Bouncing Flask+1","Wraith Form v2+1","Bane","After Image","PiercingWail","Blade Dance","Discovery","Accuracy","Shrug It Off+1","TalkToTheHand"],"potion_use_per_floor":[[],[],[],[],[],[],["SteroidPotion"],[],[],[],["AttackPotion","CunningPotion"],[],[],[],[],["Poison Potion","EssenceOfSteel"],[],[],["SkillPotion"],[],["CunningPotion"],[],[],["FairyPotion"],[],[],["Ancient Potion"]],"relics":["Ring of the Snake","Whetstone","MawBank","Empty Cage","PrismaticShard","Centennial Puzzle","Bottled Lightning","Molten Egg 2"],"potions_floor_usage":[7,11,11,16,16,19,21,27],"damage_taken":[{"damage":3,"enemies":"Jaw Worm","floor":1,"turns":6},{"damage":0,"enemies":"2 Louse","floor":2,"turns":5},{"damage":1,"enemies":"Cultist","floor":4,"turns":4},{"damage":0,"enemies":"3 Sentries","floor":7,"turns":4},{"damage":0,"enemies":"Gremlin Gang","floor":8,"turns":5},{"damage":11,"enemies":"Gremlin Nob","floor":11,"turns":3},{"damage":1,"enemies":"Looter","floor":12,"turns":5},{"damage":16,"enemies":"Lots of Slimes","floor":13,"turns":5},{"damage":22,"enemies":"Slime Boss","floor":16,"turns":11},{"damage":7,"enemies":"3 Byrds","floor":18,"turns":4},{"damage":21,"enemies":"2 Thieves","floor":19,"turns":5},{"damage":0,"enemies":"Centurion and Healer","floor":21,"turns":5},{"damage":30,"enemies":"Book of Stabbing","floor":24,"turns":6},{"damage":19,"enemies":"Cultist and Chosen","floor":25,"turns":8},{"damage":2,"enemies":"Shelled Parasite and Fungi","floor":27,"turns":2}],"seed_played":"1704480511127422354","neow_bonus_log":{"cardsObtained":[],"cardsUpgraded":[],"cardsRemoved":[],"cardsTransformed":[],"relicsObtained":[],"maxHpGained":0,"goldGained":0,"damageTaken":0,"goldLost":0,"maxHpLost":0},"potions_obtained":[{"floor":0,"key":"SteroidPotion"},{"floor":0,"key":"AttackPotion"},{"floor":1,"key":"SteroidPotion"},{"floor":8,"key":"CunningPotion"},{"floor":11,"key":"Poison Potion"},{"floor":13,"key":"EssenceOfSteel"},{"floor":18,"key":"SkillPotion"},{"floor":25,"key":"Ancient Potion"}],"is_trial":false,"path_per_floor":["M","M","?","M","?","R","E","M","T","R","E","M","M","?","R","B",null,"M","M","$","M","T","R","E","M","T","M"],"character_chosen":"THE_SILENT","items_purchased":["CunningPotion","FairyPotion","Discovery","Accuracy","PrismaticShard"],"campfire_rested":1,"item_purchase_floors":[20,20,20,20,20],"current_hp_per_floor":[56,56,61,60,49,49,49,49,49,49,38,37,21,21,42,20,58,51,30,30,30,30,30,21,2,2,0],"gold":169,"neow_bonus":"THREE_SMALL_POTIONS","is_prod":false,"is_daily":false,"rewards_skipped":[{"floor":0,"relics":[],"potions":["BlessingOfTheForge"]}],"chose_seed":false,"campfire_upgraded":3,"win_rate":0,"floor_exit_playtime":[421,509,636,709,738,774,945,1091,1116,1124,1248,1349,1554,1560,1564,1893,2106,2197,2349,2478,2570,2575,2583,2810,2969,2976],"timestamp":1652294329,"blue_key_relic_skipped_log":{"floor":9,"relicID":"Dream Catcher"},"path_taken":["M","M","?","M","?","R","E","?","T","R","E","M","M","?","R","BOSS","M","M","$","M","?","R","E","M","T","?"],"build_version":"2022-03-07","purchased_purges":1,"victory":false,"max_hp_per_floor":[66,66,71,71,71,71,71,71,71,71,71,71,71,71,71,71,71,71,71,71,71,71,71,71,71,71,71],"relic_stats":{"Centennial Puzzle":[6],"counters":[15,78],"Whetstone":["Strike_G","Strike_G"],"Bottled Lightning":"Bouncing Flask","MawBank":108,"obtain_stats":[{"Centennial Puzzle":22,"Molten Egg 2":26,"Whetstone":7,"Bottled Lightning":24,"MawBank":11,"Empty Cage":17,"PrismaticShard":20,"Ring of the Snake":0},{"Centennial Puzzle":12,"Molten Egg 2":14,"Whetstone":4,"Bottled Lightning":13,"MawBank":6,"Empty Cage":9,"PrismaticShard":11,"Ring of the Snake":0},{"Centennial Puzzle":62,"Molten Egg 2":76,"Whetstone":19,"Bottled Lightning":68,"MawBank":27,"Empty Cage":48,"PrismaticShard":57,"Ring of the Snake":0}],"Ring of the Snake":[30]},"card_choices":[{"not_picked":["Finisher","Poisoned Stab"],"picked":"Leg Sweep","floor":1},{"not_picked":["Tactician","Heel Hook"],"picked":"All Out Attack","floor":2},{"not_picked":["Dodge and Roll","Blur"],"picked":"Blade Dance","floor":4},{"not_picked":["Corpse Explosion","Underhanded Strike"],"picked":"Noxious Fumes","floor":7},{"not_picked":["Deadly Poison","Sucker Punch"],"picked":"Bouncing Flask","floor":8},{"not_picked":["PiercingWail","Prepared"],"picked":"Wraith Form v2","floor":11},{"not_picked":["Finisher","Underhanded Strike","Accuracy"],"picked":"SKIP","floor":12},{"not_picked":["Underhanded Strike","Outmaneuver"],"picked":"Bane","floor":13},{"not_picked":["Tools of the Trade","Bullet Time"],"picked":"After Image","floor":16},{"not_picked":["Accuracy","Heel Hook"],"picked":"PiercingWail","floor":18},{"not_picked":["Quick Slash","Sucker Punch"],"picked":"Blade Dance","floor":19},{"not_picked":["Ghostly Armor","Body Slam","Compile Driver"],"picked":"SKIP","floor":21},{"not_picked":["Accuracy","ClearTheMind"],"picked":"Shrug It Off+1","floor":24},{"not_picked":["Dramatic Entrance","SignatureMove+1"],"picked":"TalkToTheHand","floor":25}],"player_experience":6898774,"relics_obtained":[{"floor":7,"key":"Whetstone"},{"floor":11,"key":"MawBank"},{"floor":22,"key":"Centennial Puzzle"},{"floor":24,"key":"Bottled Lightning"},{"floor":26,"key":"Molten Egg 2"}],"event_choices":[{"damage_healed":0,"gold_gain":0,"player_choice":"Donut","damage_taken":0,"max_hp_gain":5,"max_hp_loss":0,"event_name":"Big Fish","floor":3,"gold_loss":0},{"damage_healed":0,"gold_gain":75,"player_choice":"Gather Gold","damage_taken":11,"max_hp_gain":0,"max_hp_loss":0,"event_name":"World of Goop","floor":5,"gold_loss":0},{"damage_healed":0,"gold_gain":50,"player_choice":"Pray","damage_taken":0,"max_hp_gain":0,"max_hp_loss":0,"event_name":"Golden Shrine","floor":14,"gold_loss":0}],"is_beta":false,"boss_relics":[{"not_picked":["WristBlade","Busted Crown"],"picked":"Empty Cage"}],"items_purged_floors":[20],"is_endless":false,"potions_floor_spawned":[1,8,11,13,18,25],"killed_by":"Shelled Parasite and Fungi","ascension_level":20,"potion_discard_per_floor":[["SteroidPotion"],[],[],[],[],[],[],[],[],[],[],[],[],[],[],[],[],[],[],[],[],[],[],[],[],[],[]]}