{"gold_per_floor":[114,131,144,159,169,169,198,473,473,19,39,54,83,58,58,133,133,147,147,147,163,173,173,207,53,77,92,92,110,110,110,110,187,187,207,226,96,108,125,125,125,125,125,125,153,166,181,215,215,215,215,215,215,5,39,39],"floor_reached":57,"playtime":5215,"items_purged":["Regret","Strike_G","Unload"],"score":2867,"play_id":"6df49aca-547c-4ed1-97c7-e71f008f2cfe","local_time":"20220510135445","falling_options_log":["Catalyst+1","Footwork+1"],"is_ascension_mode":true,"campfire_choices":[{"data":"Accuracy","floor":6,"key":"SMITH"},{"floor":15,"key":"REST"},{"data":"Blade Dance","floor":23,"key":"SMITH"},{"data":"Footwork","floor":30,"key":"SMITH"},{"floor":32,"key":"REST"},{"data":"Well Laid Plans","floor":40,"key":"SMITH"},{"floor":42,"key":"RECALL"},{"data":"Neutralize","floor":49,"key":"SMITH"},{"floor":53,"key":"REST"}],"neow_cost":"NONE","seed_source_timestamp":3026326404500600,"shop_contents":[{"floor":10,"relics":["Blue Candle","Orrery"],"cards":["Underhanded Strike","Flying Knee","Phantasmal Killer+1","Blade Dance+1","Mind Blast","Mayhem"],"potions":["GamblersBrew","ColorlessPotion"]},{"floor":14,"relics":["Dream Catcher","Kunai","TheAbacus"],"cards":["Sucker Punch","Dagger Throw","Catalyst+1","Caltrops","Discovery+1","Mayhem"],"potions":["Strength Potion","DuplicationPotion","Energy Potion"]},{"floor":25,"relics":["Matryoshka","Blood Vial","ClockworkSouvenir"],"cards":["Slice","Riddle With Holes","PiercingWail+1","Backflip+1","Accuracy","Discovery+1","Secret Weapon+1"],"potions":["PowerPotion","SkillPotion"]},{"floor":37,"relics":["Potion Belt","Ancient Tea Set","Toolbox"],"cards":["Poisoned Stab","Eviscerate","Deflect+1","Blade Dance+1","HandOfGreed"],"potions":["FearPotion","Swift Potion","Energy Potion"]},{"floor":54,"relics":["White Beast Statue","HornCleat","Lee\u0027s Waffle"],"cards":["Choke","Underhanded Strike","Night Terror+1","Wraith Form v2","Finesse+1","The Bomb+1"],"potions":["BlessingOfTheForge","SkillPotion","FearPotion"]}],"circlet_count":0,"master_deck":["AscendersBane","Survivor","Neutralize+1","Flechettes","Blade Dance","Accuracy+1","Blade Dance+1","Footwork+1","Prepared+1","Adrenaline+1","Dodge and Roll+1","Adrenaline+1","Backflip+1","Acrobatics+1","Deflect+1","Backflip+1","Blade Dance+1","Night Terror+1","Backstab","Quick Slash","Bouncing Flask+1","All Out Attack","PiercingWail+1","PiercingWail+1","Catalyst+1","Acrobatics+1","Concentrate+1","Well Laid Plans+1","Impatience+1","Backflip+1","Bouncing Flask+1","Secret Technique+1","PanicButton+1","Concentrate+1","Malaise+1"],"potion_use_per_floor":[[],[],[],[],[],[],["Dexterity Potion"],[],[],[],[],["Swift Potion"],["Swift Potion","SpeedPotion"],[],[],[],[],["Ancient Potion"],[],[],[],[],[],["SpeedPotion"],[],[],[],[],[],[],[],[],[],[],[],[],[],[],[],[],[],[],[],[],[],[],[],[],[],[],[],[],[],[],["DistilledChaos"],["PowerPotion","Ancient Potion"],[]],"relics":["Ring of the Snake","StoneCalendar","Toxic Egg 2","Pear","WristBlade","Thread and Needle","Anchor","Letter Opener","Pandora\u0027s Box","Meat on the Bone","Bottled Tornado","Bottled Lightning","Mercury Hourglass"],"potions_floor_usage":[7,12,13,13,18,24,55,56,56],"damage_taken":[{"damage":0,"enemies":"2 Louse","floor":1,"turns":3},{"damage":0,"enemies":"Cultist","floor":2,"turns":3},{"damage":4,"enemies":"Small Slimes","floor":3,"turns":4},{"damage":5,"enemies":"Gremlin Gang","floor":4,"turns":6},{"damage":16,"enemies":"Lots of Slimes","floor":5,"turns":3},{"damage":6,"enemies":"3 Sentries","floor":7,"turns":6},{"damage":5,"enemies":"Exordium Wildlife","floor":11,"turns":4},{"damage":6,"enemies":"Large Slime","floor":12,"turns":5},{"damage":8,"enemies":"Gremlin Nob","floor":13,"turns":4},{"damage":21,"enemies":"Slime Boss","floor":16,"turns":7},{"damage":12,"enemies":"Chosen","floor":18,"turns":3},{"damage":0,"enemies":"2 Thieves","floor":21,"turns":3},{"damage":6,"enemies":"Centurion and Healer","floor":22,"turns":5},{"damage":21,"enemies":"Gremlin Leader","floor":24,"turns":6},{"damage":0,"enemies":"Snake Plant","floor":27,"turns":2},{"damage":0,"enemies":"Sentry and Sphere","floor":29,"turns":1},{"damage":4,"enemies":"Collector","floor":33,"turns":6},{"damage":0,"enemies":"3 Shapes","floor":35,"turns":5},{"damage":0,"enemies":"3 Darklings","floor":36,"turns":2},{"damage":3,"enemies":"4 Shapes","floor":38,"turns":3},{"damage":0,"enemies":"Writhing Mass","floor":39,"turns":2},{"damage":0,"enemies":"Nemesis","floor":45,"turns":3},{"damage":0,"enemies":"Spire Growth","floor":46,"turns":3},{"damage":0,"enemies":"Jaw Worm Horde","floor":47,"turns":3},{"damage":0,"enemies":"Giant Head","floor":48,"turns":4},{"damage":4,"enemies":"Time Eater","floor":50,"turns":4},{"damage":10,"enemies":"Donu and Deca","floor":51,"turns":6},{"damage":0,"enemies":"Shield and Spear","floor":55,"turns":4},{"damage":38,"enemies":"The Heart","floor":56,"turns":6}],"seed_played":"2134485236559466438","neow_bonus_log":{"cardsObtained":[],"cardsUpgraded":[],"cardsRemoved":[],"cardsTransformed":[],"relicsObtained":[],"maxHpGained":0,"goldGained":0,"damageTaken":0,"goldLost":0,"maxHpLost":0},"potions_obtained":[{"floor":4,"key":"Dexterity Potion"},{"floor":11,"key":"Swift Potion"},{"floor":12,"key":"SpeedPotion"},{"floor":13,"key":"Ancient Potion"},{"floor":16,"key":"SpeedPotion"},{"floor":22,"key":"SmokeBomb"},{"floor":29,"key":"Energy Potion"},{"floor":45,"key":"DistilledChaos"},{"floor":48,"key":"Ancient Potion"},{"floor":55,"key":"PowerPotion"}],"is_trial":false,"path_per_floor":["M","M","M","M","M","R","E","?","T","$","M","M","E","$","R","B",null,"M","?","?","M","M","R","E","$","T","M","T","M","R","?","R","B",null,"M","M","$","M","M","R","?","R","T","?","E","M","M","E","R","B","B",null,"R","$","E","B",null],"character_chosen":"THE_SILENT","items_purchased":["Swift Potion","Footwork","Toxic Egg 2","Dodge and Roll+1","Block Potion","Well Laid Plans","Impatience+1","Malaise+1"],"campfire_rested":3,"item_purchase_floors":[10,10,10,14,25,37,37,54],"current_hp_per_floor":[59,59,55,50,34,34,28,28,28,28,23,17,19,19,41,20,62,50,50,50,50,44,44,23,23,23,23,23,23,23,23,45,41,67,67,67,67,64,64,64,64,64,64,54,54,54,54,54,54,50,40,67,76,76,76,50],"gold":39,"neow_bonus":"THREE_CARDS","is_prod":false,"is_daily":false,"rewards_skipped":[{"floor":36,"relics":[],"potions":["LiquidBronze"]},{"floor":38,"relics":[],"potions":["Swift Potion"]}],"chose_seed":false,"campfire_upgraded":5,"win_rate":0,"floor_exit_playtime":[398,470,559,800,994,1001,1132,1177,1300,1491,1573,1661,1801,1855,1860,1997,2172,2218,2258,2280,2334,2424,2439,2708,2765,2779,2843,2850,2995,3027,3064,3100,3344,3466,3560,3623,3692,3800,3878,3889,3907,3912,3915,3975,4054,4174,4263,4396,4412,4533,4694,4719,4732,4786,4979,5215],"timestamp":1652205285,"blue_key_relic_skipped_log":{"floor":9,"relicID":"The Specimen"},"path_taken":["M","M","M","M","M","R","E","?","T","$","M","M","E","$","R","BOSS","M","?","?","?","M","R","E","$","T","?","?","M","R","?","R","BOSS","M","M","$","M","?","R","?","R","T","?","E","M","?","E","R","BOSS","BOSS","R","$","E","BOSS"],"build_version":"2022-03-07","purchased_purges":3,"victory":true,"max_hp_per_floor":[66,66,66,66,66,66,66,66,66,66,66,66,76,76,76,76,76,76,76,76,76,76,76,76,76,76,76,76,76,76,76,76,76,76,76,76,76,76,76,76,76,76,76,76,76,76,76,76,76,76,76,76,76,76,76,76],"relic_stats":{"counters":[29,116],"StoneCalendar":[102],"Pandora\u0027s Box":["Unload","Backstab","Quick Slash","Bouncing Flask","All Out Attack","PiercingWail","PiercingWail","Catalyst"],"Letter Opener":[351],"Bottled Lightning":"Secret Technique","Bottled Tornado":"Well Laid Plans","obtain_stats":[{"Pear":13,"StoneCalendar":7,"Thread and Needle":24,"Letter Opener":28,"Bottled Tornado":45,"Mercury Hourglass":55,"Anchor":26,"WristBlade":17,"Pandora\u0027s Box":34,"Bottled Lightning":48,"Toxic Egg 2":10,"Ring of the Snake":0,"Meat on the Bone":43},{"Pear":9,"StoneCalendar":6,"Thread and Needle":14,"Letter Opener":15,"Bottled Tornado":22,"Mercury Hourglass":28,"Anchor":14,"WristBlade":10,"Pandora\u0027s Box":17,"Bottled Lightning":25,"Toxic Egg 2":6,"Ring of the Snake":0,"Meat on the Bone":21},{"Pear":38,"StoneCalendar":25,"Thread and Needle":62,"Letter Opener":64,"Bottled Tornado":86,"Mercury Hourglass":110,"Anchor":62,"WristBlade":45,"Pandora\u0027s Box":71,"Bottled Lightning":96,"Toxic Egg 2":25,"Ring of the Snake":0,"Meat on the Bone":83}],"Ring of the Snake":[58],"Meat on the Bone":12,"Mercury Hourglass":[9]},"card_choices":[{"not_picked":["Riddle With Holes","Quick Slash"],"picked":"Flechettes","floor":0},{"not_picked":["Bane","Cloak And Dagger"],"picked":"Blade Dance","floor":1},{"not_picked":["Quick Slash","Endless Agony"],"picked":"Accuracy","floor":2},{"not_picked":["Predator","Endless Agony"],"picked":"Blade Dance","floor":3},{"not_picked":["Poisoned Stab","Deflect"],"picked":"All Out Attack","floor":4},{"not_picked":["Bouncing Flask","Envenom","Sucker Punch"],"picked":"SKIP","floor":5},{"not_picked":["Heel Hook","Bane","Dagger Spray"],"picked":"SKIP","floor":7},{"not_picked":["Outmaneuver+1","Poisoned Stab","Infinite Blades"],"picked":"SKIP","floor":11},{"not_picked":["Outmaneuver+1","Well Laid Plans"],"picked":"Prepared+1","floor":12},{"not_picked":["Night Terror+1","Underhanded Strike"],"picked":"Adrenaline+1","floor":13},{"not_picked":["Unload","Glass Knife"],"picked":"Adrenaline+1","floor":16},{"not_picked":["Underhanded Strike","Outmaneuver+1"],"picked":"Backflip+1","floor":18},{"not_picked":["Flechettes","Concentrate+1"],"picked":"Acrobatics+1","floor":21},{"not_picked":["Backflip+1","Deadly Poison+1"],"picked":"Deflect+1","floor":22},{"not_picked":["Unload","Bane","Setup+1"],"picked":"SKIP","floor":24},{"not_picked":["Outmaneuver+1","Deadly Poison+1"],"picked":"Backflip+1","floor":27},{"not_picked":["Riddle With Holes+1","Backflip+1","Deflect+1"],"picked":"SKIP","floor":29},{"not_picked":["Burst+1","After Image"],"picked":"Night Terror+1","floor":33},{"not_picked":["Slice+1","Flying Knee"],"picked":"Acrobatics+1","floor":35},{"not_picked":["Prepared+1","Dodge and Roll+1"],"picked":"Concentrate+1","floor":36},{"not_picked":["Well Laid Plans","Blade Dance+1"],"picked":"Backflip+1","floor":38},{"not_picked":["Prepared+1","Sucker Punch"],"picked":"Bouncing Flask+1","floor":39},{"not_picked":["The Bomb+1","Finesse+1"],"picked":"Secret Technique+1","floor":44},{"not_picked":["Secret Weapon+1","Apotheosis+1"],"picked":"PanicButton+1","floor":44},{"not_picked":["Flash of Steel","The Bomb+1","Forethought+1"],"picked":"SKIP","floor":44},{"not_picked":["Predator+1","Finisher+1","Blade Dance+1"],"picked":"SKIP","floor":45},{"not_picked":["Predator+1","Finisher+1","Blade Dance+1"],"picked":"SKIP","floor":45},{"not_picked":["PiercingWail+1","Slice","Noxious Fumes"],"picked":"SKIP","floor":46},{"not_picked":["PiercingWail+1","Slice","Noxious Fumes"],"picked":"SKIP","floor":46},{"not_picked":["Flying Knee+1","Poisoned Stab"],"picked":"Concentrate+1","floor":47},{"not_picked":["Outmaneuver+1","Cloak And Dagger+1","Eviscerate"],"picked":"SKIP","floor":48},{"not_picked":["Outmaneuver+1","Cloak And Dagger+1","Eviscerate"],"picked":"SKIP","floor":48},{"not_picked":["Backflip+1","Poisoned Stab+1","Dagger Throw"],"picked":"SKIP","floor":55}],"player_experience":6877066,"relics_obtained":[{"floor":7,"key":"StoneCalendar"},{"floor":13,"key":"Pear"},{"floor":24,"key":"Thread and Needle"},{"floor":26,"key":"Anchor"},{"floor":28,"key":"Letter Opener"},{"floor":43,"key":"Meat on the Bone"},{"floor":45,"key":"Bottled Tornado"},{"floor":48,"key":"Bottled Lightning"},{"floor":55,"key":"Mercury Hourglass"}],"event_choices":[{"damage_healed":0,"gold_gain":275,"player_choice":"Desecrate","damage_taken":0,"max_hp_gain":0,"max_hp_loss":0,"event_name":"Golden Shrine","floor":8,"gold_loss":0,"cards_obtained":["Regret"]},{"damage_healed":0,"gold_gain":0,"player_choice":"Ignored","damage_taken":0,"max_hp_gain":0,"max_hp_loss":0,"event_name":"Cursed Tome","floor":19,"gold_loss":0},{"cards_removed":["Strike_G"],"damage_healed":0,"gold_gain":0,"player_choice":"Offered Basic","damage_taken":0,"max_hp_gain":0,"max_hp_loss":0,"event_name":"Bonfire Elementals","floor":20,"gold_loss":0},{"damage_healed":0,"gold_gain":0,"player_choice":"Copied","damage_taken":0,"max_hp_gain":0,"max_hp_loss":0,"event_name":"Duplicator","floor":31,"gold_loss":0,"cards_obtained":["Blade Dance"]},{"cards_removed":["All Out Attack"],"damage_healed":0,"gold_gain":0,"player_choice":"Removed Attack","damage_taken":0,"max_hp_gain":0,"max_hp_loss":0,"event_name":"Falling","floor":41,"gold_loss":0},{"damage_healed":0,"gold_gain":0,"player_choice":"Memory 3","damage_taken":10,"max_hp_gain":0,"max_hp_loss":0,"event_name":"SensoryStone","floor":44,"gold_loss":0}],"is_beta":false,"boss_relics":[{"not_picked":["Coffee Dripper","Fusion Hammer"],"picked":"WristBlade"},{"not_picked":["Philosopher\u0027s Stone","Calling Bell"],"picked":"Pandora\u0027s Box"}],"items_purged_floors":[10,25,54],"is_endless":false,"potions_floor_spawned":[4,11,12,13,16,22,29,36,38,45,48,55],"ascension_level":20,"potion_discard_per_floor":[[],[],[],[],[],[],[],[],[],[],[],[],[],[],[],[],[],[],[],[],[],[],[],[],[],[],[],[],["SmokeBomb"],[],[],[],[],[],[],[],[],[],[],[],[],[],[],[],["Energy Potion"],[],[],["Block Potion"],[],[],[],[],[],[],[],[],[]]}