{"neow_bonuses_skipped_log":["ONE_RANDOM_RARE_CARD","THREE_SMALL_POTIONS","BOSS_RELIC"],"neow_costs_skipped_log":["NONE","NONE","NONE"],"gold_per_floor":[113,132,152,152,177,177,177,177,177,87,107,143,163,198,198,296,296,321,345,122,141,141,141,175,175,253,253,273,273,306,325,325,418,418,432,110,35,53,78,91,127,141,141,141,141,141,180,49,49,49,49,49,49,49,93,93],"floor_reached":57,"playtime":5574,"items_purged":["Strike_G","Strike_G","Strike_G","Infinite Blades+1"],"score":2674,"play_id":"7e2f94c6-8075-43c0-8964-736707852f71","local_time":"20220609145429","is_ascension_mode":true,"campfire_choices":[{"data":"Skewer","floor":6,"key":"SMITH"},{"data":"Terror","floor":8,"key":"SMITH"},{"data":"Footwork","floor":15,"key":"SMITH"},{"data":"A Thousand Cuts","floor":23,"key":"SMITH"},{"data":"Dagger Spray","floor":29,"key":"SMITH"},{"data":"Neutralize","floor":32,"key":"SMITH"},{"floor":44,"key":"RECALL"},{"data":"Expertise","floor":46,"key":"SMITH"},{"data":"Malaise","floor":49,"key":"SMITH"},{"data":"Backflip","floor":53,"key":"SMITH"}],"neow_cost":"TEN_PERCENT_HP_LOSS","seed_source_timestamp":2265121074275800,"shop_contents":[{"floor":10,"relics":["Bag of Preparation","InkBottle","HandDrill"],"cards":["Finisher","Deflect","Calculated Gamble","Caltrops","Blind","Secret Technique"],"potions":["SpeedPotion","Weak Potion","SteroidPotion"]},{"floor":20,"relics":["Lantern","Sling"],"cards":["Choke","Dagger Throw","Crippling Poison","Expertise","Well Laid Plans","Dramatic Entrance","Secret Technique"],"potions":["Poison Potion","Strength Potion","Poison Potion"]},{"floor":36,"relics":["Ornamental Fan","Toolbox"],"cards":["Bane","All Out Attack","Deadly Poison","Purity","The Bomb"],"potions":["Weak Potion","Block Potion","BlessingOfTheForge"]},{"floor":48,"relics":["Nunchaku","CeramicFish","Medical Kit"],"cards":["Underhanded Strike","Riddle With Holes","Blade Dance","Calculated Gamble","Impatience","Sadistic Nature+1"],"potions":["PowerPotion","Ancient Potion","CunningPotion"]},{"floor":54,"relics":["Pen Nib","Vajra","Chemical X"],"cards":["Masterful Stab","Predator","Venomology","Deadly Poison","Noxious Fumes+1","Impatience","Apotheosis"],"potions":["EntropicBrew","CultistPotion","SneckoOil"]}],"circlet_count":0,"master_deck":["AscendersBane","Defend_G","Defend_G+1","Defend_G","Defend_G","Survivor","Neutralize+1","Endless Agony","Terror+1","Skewer+1","Backflip+1","Sucker Punch","Dagger Spray+1","Backstab","Footwork+1","Malaise+1","Dodge and Roll+1","A Thousand Cuts+1","Dodge and Roll+1","Adrenaline","Escape Plan+1","Caltrops+1","PiercingWail","Deflect","PiercingWail+1","Expertise+1","Panache+1","Secret Technique","Well Laid Plans+1"],"potion_use_per_floor":[[],[],[],[],[],[],[],[],[],[],[],["Fruit Juice"],[],[],[],[],[],[],[],[],[],[],[],["Swift Potion"],[],[],[],[],[],[],[],[],["SpeedPotion","SpeedPotion"],[],[],[],[],[],["Fire Potion"],[],[],[],[],[],[],[],[],[],[],[],[],[],[],[],["SteroidPotion","Poison Potion"],["DuplicationPotion","DistilledChaos"],[]],"relics":["Ring of the Snake","Golden Idol","Smiling Mask","Meat on the Bone","Calipers","Runic Dome","Oddly Smooth Stone","Potion Belt","Frozen Egg 2","Enchiridion","Orichalcum","Philosopher\u0027s Stone","PreservedInsect","War Paint","Pantograph","Art of War"],"potions_floor_usage":[12,24,33,33,39,55,55,56,56],"damage_taken":[{"damage":1,"enemies":"Cultist","floor":1,"turns":5},{"damage":7,"enemies":"Jaw Worm","floor":2,"turns":5},{"damage":0,"enemies":"Small Slimes","floor":3,"turns":4},{"damage":4,"enemies":"2 Fungi Beasts","floor":5,"turns":4},{"damage":0,"enemies":"Blue Slaver","floor":11,"turns":3},{"damage":5,"enemies":"Lagavulin","floor":12,"turns":4},{"damage":0,"enemies":"Red Slaver","floor":13,"turns":2},{"damage":6,"enemies":"Gremlin Nob","floor":14,"turns":3},{"damage":3,"enemies":"The Guardian","floor":16,"turns":13},{"damage":0,"enemies":"3 Byrds","floor":18,"turns":6},{"damage":1,"enemies":"2 Thieves","floor":19,"turns":3},{"damage":2,"enemies":"Shelled Parasite and Fungi","floor":21,"turns":7},{"damage":7,"enemies":"Book of Stabbing","floor":24,"turns":6},{"damage":0,"enemies":"Snake Plant","floor":28,"turns":5},{"damage":13,"enemies":"Slavers","floor":30,"turns":8},{"damage":3,"enemies":"Centurion and Healer","floor":31,"turns":8},{"damage":4,"enemies":"Collector","floor":33,"turns":13},{"damage":0,"enemies":"Orb Walker","floor":35,"turns":2},{"damage":14,"enemies":"3 Darklings","floor":38,"turns":5},{"damage":17,"enemies":"Jaw Worm Horde","floor":39,"turns":4},{"damage":7,"enemies":"Sphere and 2 Shapes","floor":40,"turns":4},{"damage":15,"enemies":"Giant Head","floor":41,"turns":9},{"damage":2,"enemies":"Maw","floor":42,"turns":8},{"damage":0,"enemies":"Nemesis","floor":47,"turns":5},{"damage":20,"enemies":"Donu and Deca","floor":50,"turns":11},{"damage":15,"enemies":"Awakened One","floor":51,"turns":27},{"damage":32,"enemies":"Shield and Spear","floor":55,"turns":6},{"damage":39,"enemies":"The Heart","floor":56,"turns":9}],"seed_played":"-7326205946248701396","neow_bonus_log":{"cardsObtained":[],"cardsUpgraded":[],"cardsRemoved":["Strike_G","Defend_G"],"cardsTransformed":[],"relicsObtained":[],"maxHpGained":0,"goldGained":0,"damageTaken":0,"goldLost":0,"maxHpLost":6},"potions_obtained":[{"floor":3,"key":"Swift Potion"},{"floor":11,"key":"Fruit Juice"},{"floor":12,"key":"ColorlessPotion"},{"floor":18,"key":"Block Potion"},{"floor":21,"key":"SpeedPotion"},{"floor":24,"key":"SpeedPotion"},{"floor":33,"key":"Fire Potion"},{"floor":40,"key":"Poison Potion"},{"floor":41,"key":"DistilledChaos"},{"floor":42,"key":"SteroidPotion"},{"floor":55,"key":"DuplicationPotion"}],"is_trial":false,"path_per_floor":["M","M","M","?","M","R","?","R","T","$","M","E","M","E","R","B",null,"M","M","$","M","?","R","E","?","T","?","M","R","E","M","R","B",null,"M","$","?","M","M","M","E","M","T","R","?","R","E","$","R","B","B",null,"R","$","E","B",null],"character_chosen":"THE_SILENT","items_purchased":["Masterful Stab","Oddly Smooth Stone","Caltrops+1","PreservedInsect","PiercingWail","Well Laid Plans+1"],"campfire_rested":0,"item_purchase_floors":[10,20,36,36,36,48],"current_hp_per_floor":[58,51,51,51,47,47,40,40,40,40,40,40,40,34,34,31,52,52,51,51,49,49,49,42,42,42,21,33,33,32,41,41,37,54,54,54,54,40,35,40,37,35,35,35,25,25,37,37,37,39,44,55,55,55,35,32],"gold":93,"neow_bonus":"REMOVE_TWO","is_prod":false,"is_daily":false,"rewards_skipped":[{"floor":13,"relics":[],"potions":["EssenceOfSteel"]}],"chose_seed":false,"campfire_upgraded":9,"win_rate":0,"floor_exit_playtime":[142,196,268,290,421,431,455,475,493,596,681,766,803,898,907,1125,1249,1380,1433,1602,1740,1901,1909,2054,2136,2149,2170,2337,2356,2526,2698,2707,3104,3191,3236,3351,3467,3575,3656,3781,3922,4133,4136,4146,4178,4185,4261,4297,4302,4509,4941,4964,4991,5007,5247,5574],"timestamp":1654800869,"blue_key_relic_skipped_log":{"floor":43,"relicID":"MealTicket"},"path_taken":["M","M","M","?","M","R","?","R","T","?","M","E","M","E","R","BOSS","M","M","$","M","?","R","E","?","T","?","M","R","E","M","R","BOSS","M","$","?","?","M","M","E","M","T","R","?","R","E","$","R","BOSS","BOSS","R","$","E","BOSS"],"build_version":"2022-03-07","purchased_purges":4,"victory":true,"max_hp_per_floor":[60,60,60,54,54,54,54,54,54,54,54,59,59,59,59,59,59,59,59,59,59,59,59,59,59,59,59,59,59,59,59,59,59,59,59,59,59,59,59,59,59,59,59,59,59,59,59,59,59,59,59,59,59,59,59,59],"relic_stats":{"Calipers":[1881],"counters":[28,189],"Golden Idol":201,"Pantograph":66,"PreservedInsect":290,"Art of War":[3],"Orichalcum":[24],"War Paint":["Escape Plan","Defend_G"],"Smiling Mask":250,"obtain_stats":[{"Potion Belt":24,"Calipers":14,"Golden Idol":4,"Oddly Smooth Stone":20,"Enchiridion":27,"PreservedInsect":36,"Frozen Egg 2":26,"Orichalcum":30,"War Paint":41,"Smiling Mask":9,"Runic Dome":17,"Pantograph":47,"Philosopher\u0027s Stone":34,"Art of War":55,"Ring of the Snake":0,"Meat on the Bone":12},{"Potion Belt":13,"Calipers":8,"Golden Idol":3,"Oddly Smooth Stone":11,"Enchiridion":13,"PreservedInsect":18,"Frozen Egg 2":13,"Orichalcum":15,"War Paint":22,"Smiling Mask":4,"Runic Dome":9,"Pantograph":24,"Philosopher\u0027s Stone":17,"Art of War":27,"Ring of the Snake":0,"Meat on the Bone":6},{"Potion Belt":65,"Calipers":30,"Golden Idol":14,"Oddly Smooth Stone":52,"Enchiridion":65,"PreservedInsect":101,"Frozen Egg 2":65,"Orichalcum":78,"War Paint":123,"Smiling Mask":18,"Runic Dome":43,"Pantograph":136,"Philosopher\u0027s Stone":99,"Art of War":180,"Ring of the Snake":0,"Meat on the Bone":25}],"Ring of the Snake":[58],"Meat on the Bone":108},"card_choices":[{"not_picked":["Bane","Riddle With Holes"],"picked":"Endless Agony","floor":1},{"not_picked":["Riddle With Holes","Flechettes"],"picked":"Terror","floor":2},{"not_picked":["Dodge and Roll","PiercingWail"],"picked":"Skewer","floor":3},{"not_picked":["Prepared","Deflect"],"picked":"Backflip","floor":5},{"not_picked":["Terror","PiercingWail"],"picked":"Sucker Punch","floor":11},{"not_picked":["Blade Dance","Riddle With Holes"],"picked":"Dagger Spray","floor":12},{"not_picked":["Bane","Cloak And Dagger"],"picked":"Backstab","floor":13},{"not_picked":["Flying Knee","Heel Hook"],"picked":"Footwork","floor":14},{"not_picked":["Doppelganger","Die Die Die"],"picked":"Malaise","floor":16},{"not_picked":["Skewer","Dodge and Roll","Blade Dance"],"picked":"SKIP","floor":18},{"not_picked":["Deflect","Expertise"],"picked":"Dodge and Roll+1","floor":19},{"not_picked":["Poisoned Stab","All Out Attack","Choke"],"picked":"SKIP","floor":21},{"not_picked":["Poisoned Stab","All Out Attack","Choke"],"picked":"SKIP","floor":21},{"not_picked":["Cloak And Dagger","Poisoned Stab","Dodge and Roll","Distraction","Flying Knee","Finisher","Dagger Throw","Backstab","Quick Slash","Acrobatics","Slice","Sucker Punch","Deadly Poison","Prepared","Concentrate","Infinite Blades","Bouncing Flask","Catalyst","Backflip"],"picked":"A Thousand Cuts","floor":22},{"not_picked":["Deadly Poison","Doppelganger"],"picked":"Dodge and Roll+1","floor":24},{"not_picked":["Flechettes","Slice","Finisher"],"picked":"SKIP","floor":28},{"not_picked":["Quick Slash","Acrobatics"],"picked":"Heel Hook","floor":30},{"not_picked":["Sucker Punch+1","Infinite Blades+1","Setup"],"picked":"SKIP","floor":31},{"not_picked":["Envenom+1","Night Terror"],"picked":"Adrenaline","floor":33},{"not_picked":["Quick Slash","Concentrate"],"picked":"Escape Plan","floor":35},{"not_picked":["Bane","Predator"],"picked":"PiercingWail+1","floor":39},{"not_picked":["Noxious Fumes+1","Riddle With Holes","Crippling Poison"],"picked":"SKIP","floor":40},{"not_picked":["Bane","Poisoned Stab"],"picked":"Expertise","floor":41},{"not_picked":["The Bomb","Trip"],"picked":"Panache+1","floor":45},{"not_picked":["Jack Of All Trades","Flash of Steel"],"picked":"Secret Technique","floor":45},{"not_picked":["Trip","Sadistic Nature+1","Mind Blast"],"picked":"SKIP","floor":45},{"not_picked":["Accuracy+1","Quick Slash","Dagger Throw"],"picked":"SKIP","floor":47},{"not_picked":["Quick Slash","Endless Agony","Eviscerate"],"picked":"SKIP","floor":55}],"player_experience":7130992,"relics_obtained":[{"floor":9,"key":"Smiling Mask"},{"floor":12,"key":"Meat on the Bone"},{"floor":14,"key":"Calipers"},{"floor":24,"key":"Potion Belt"},{"floor":26,"key":"Frozen Egg 2"},{"floor":27,"key":"Enchiridion"},{"floor":30,"key":"Orichalcum"},{"floor":41,"key":"War Paint"},{"floor":47,"key":"Pantograph"},{"floor":55,"key":"Art of War"}],"event_choices":[{"damage_healed":0,"gold_gain":0,"player_choice":"Lose Max HP","damage_taken":0,"relics_obtained":["Golden Idol"],"max_hp_gain":0,"max_hp_loss":6,"event_name":"Golden Idol","floor":4,"gold_loss":0},{"cards_removed":["Strike_G"],"damage_healed":0,"gold_gain":0,"player_choice":"Card Removal","damage_taken":7,"max_hp_gain":0,"max_hp_loss":0,"event_name":"Golden Wing","floor":7,"gold_loss":0},{"damage_healed":0,"gold_gain":0,"player_choice":"Read","damage_taken":0,"max_hp_gain":0,"max_hp_loss":0,"event_name":"The Library","floor":22,"gold_loss":0,"cards_obtained":["A Thousand Cuts"]},{"damage_healed":0,"gold_gain":0,"player_choice":"Ignored","damage_taken":0,"max_hp_gain":0,"max_hp_loss":0,"event_name":"Ghosts","floor":25,"gold_loss":0},{"damage_healed":0,"gold_gain":0,"player_choice":"Obtained Book","damage_taken":21,"max_hp_gain":0,"max_hp_loss":0,"event_name":"Cursed Tome","floor":27,"gold_loss":0},{"damage_healed":0,"gold_gain":0,"cards_transformed":["Masterful Stab","Heel Hook"],"player_choice":"Transformed Cards","damage_taken":0,"max_hp_gain":0,"max_hp_loss":0,"event_name":"Designer","floor":37,"gold_loss":75,"cards_obtained":["Deflect","Infinite Blades"]},{"damage_healed":0,"gold_gain":0,"player_choice":"Memory 3","damage_taken":10,"max_hp_gain":0,"max_hp_loss":0,"event_name":"SensoryStone","floor":45,"gold_loss":0}],"is_beta":false,"boss_relics":[{"not_picked":["Black Star","Busted Crown"],"picked":"Runic Dome"},{"not_picked":["WristBlade","Cursed Key"],"picked":"Philosopher\u0027s Stone"}],"items_purged_floors":[10,20,36,48],"is_endless":false,"potions_floor_spawned":[3,11,12,13,18,21,24,33,40,41,42,55],"ascension_level":20,"potion_discard_per_floor":[[],[],[],[],[],[],[],[],[],[],[],[],[],[],[],[],[],["ColorlessPotion"],[],[],["Block Potion"],[],[],[],[],[],[],[],[],[],[],[],[],[],[],[],[],[],[],[],[],[],[],[],[],[],[],[],[],[],[],[],[],[],[],[],[]]}