{"neow_bonuses_skipped_log":["ONE_RANDOM_RARE_CARD","THREE_SMALL_POTIONS","BOSS_RELIC"],"neow_costs_skipped_log":["NONE","NONE","NONE"],"gold_per_floor":[113,113,123,133,144,144,164,176,176,52,86,86,102,127,139,225,237,264,306,52,70,90,122,122,152,198,230,250,175,175,208,208,286,286,298,310,327,549,559,559,593,593,593,628,628,646,673,699,699,699,699,699,699,14,56,56],"floor_reached":57,"playtime":5647,"items_purged":["Strike_G","Strike_G"],"score":3337,"play_id":"98df5485-3c9c-4036-a442-4b72e0bdb322","local_time":"20220604134956","is_ascension_mode":true,"campfire_choices":[{"data":"Noxious Fumes","floor":6,"key":"SMITH"},{"data":"Backstab","floor":12,"key":"SMITH"},{"data":"Footwork","floor":15,"key":"SMITH"},{"data":"Apotheosis","floor":24,"key":"SMITH"},{"floor":30,"key":"RECALL"},{"floor":32,"key":"REST"},{"data":"Backstab","floor":40,"key":"SMITH"},{"floor":42,"key":"REST"},{"data":"Caltrops","floor":49,"key":"SMITH"},{"data":"Malaise","floor":53,"key":"SMITH"}],"neow_cost":"TEN_PERCENT_HP_LOSS","seed_source_timestamp":1829175065831600,"shop_contents":[{"floor":10,"relics":["The Specimen","Regal Pillow","Lee\u0027s Waffle"],"cards":["Glass Knife","Cloak And Dagger","Blade Dance","Finesse","Transmutation"],"potions":["LiquidBronze","CultistPotion","BlessingOfTheForge"]},{"floor":20,"relics":["MealTicket","Whetstone","ClockworkSouvenir"],"cards":["Poisoned Stab","Unload","Blade Dance","Outmaneuver","Footwork","Mind Blast"],"potions":["BlessingOfTheForge","Swift Potion","CunningPotion"]},{"floor":54,"relics":["InkBottle","Bottled Tornado","Sling"],"cards":["Grand Finale","Choke","Prepared","Leg Sweep","Noxious Fumes","Enlightenment","Dark Shackles"],"potions":["Weak Potion","Strength Potion","Swift Potion"]}],"circlet_count":0,"master_deck":["AscendersBane","Strike_G+1","Defend_G","Defend_G","Defend_G","Defend_G","Survivor+1","Neutralize","Leg Sweep","Dagger Throw","Noxious Fumes+1","Blur","Flying Knee","Footwork+1","Backstab+1","Terror","Blur","Backstab+1","Malaise+1","All Out Attack","Apotheosis+1","Backflip","Deflect","Escape Plan","Caltrops+1","Glass Knife","Footwork+1","Escape Plan+1","Corpse Explosion","Caltrops+1","Backflip","Malaise","Sadistic Nature","Well Laid Plans"],"potion_use_per_floor":[[],[],[],[],[],[],[],[],[],[],["SteroidPotion"],[],[],[],[],[],[],[],["Fire Potion"],[],[],[],["DuplicationPotion"],[],["Poison Potion"],[],[],[],[],[],[],[],[],[],["SkillPotion"],[],[],[],[],[],[],[],[],["SteroidPotion"],[],[],[],[],[],[],[],[],[],[],[],["Dexterity Potion","CunningPotion"],[]],"relics":["Ring of the Snake","Bag of Marbles","Bag of Preparation","MawBank","Black Star","Red Mask","Meat on the Bone","Pocketwatch","Nunchaku","Centennial Puzzle","CaptainsWheel","The Courier","Paper Crane","Prayer Wheel","Philosopher\u0027s Stone","StrikeDummy","HornCleat","Bottled Flame","Blood Vial","CeramicFish","Calipers","Mummified Hand","Gremlin Horn","Shuriken"],"potions_floor_usage":[11,19,23,25,35,44,56,56],"damage_taken":[{"damage":4,"enemies":"Jaw Worm","floor":1,"turns":7},{"damage":0,"enemies":"2 Louse","floor":3,"turns":3},{"damage":1,"enemies":"Small Slimes","floor":4,"turns":3},{"damage":0,"enemies":"2 Fungi Beasts","floor":5,"turns":6},{"damage":1,"enemies":"3 Louse","floor":7,"turns":5},{"damage":6,"enemies":"Exordium Thugs","floor":8,"turns":4},{"damage":5,"enemies":"3 Sentries","floor":11,"turns":6},{"damage":0,"enemies":"Blue Slaver","floor":13,"turns":2},{"damage":0,"enemies":"Lagavulin","floor":14,"turns":6},{"damage":0,"enemies":"The Guardian","floor":16,"turns":10},{"damage":0,"enemies":"3 Byrds","floor":18,"turns":7},{"damage":0,"enemies":"Masked Bandits","floor":19,"turns":2},{"damage":7,"enemies":"Shell Parasite","floor":21,"turns":4},{"damage":7,"enemies":"Snake Plant","floor":22,"turns":8},{"damage":12,"enemies":"Gremlin Leader","floor":23,"turns":9},{"damage":0,"enemies":"Book of Stabbing","floor":25,"turns":7},{"damage":14,"enemies":"Slavers","floor":27,"turns":7},{"damage":1,"enemies":"Shelled Parasite and Fungi","floor":28,"turns":6},{"damage":0,"enemies":"Gremlin Leader","floor":31,"turns":4},{"damage":0,"enemies":"Automaton","floor":33,"turns":14},{"damage":20,"enemies":"3 Darklings","floor":35,"turns":5},{"damage":0,"enemies":"3 Shapes","floor":36,"turns":4},{"damage":9,"enemies":"Writhing Mass","floor":37,"turns":9},{"damage":0,"enemies":"Maw","floor":39,"turns":11},{"damage":3,"enemies":"Nemesis","floor":41,"turns":7},{"damage":12,"enemies":"Reptomancer","floor":44,"turns":11},{"damage":0,"enemies":"Spire Growth","floor":46,"turns":7},{"damage":0,"enemies":"Transient","floor":47,"turns":6},{"damage":0,"enemies":"4 Shapes","floor":48,"turns":3},{"damage":0,"enemies":"Donu and Deca","floor":50,"turns":10},{"damage":1,"enemies":"Time Eater","floor":51,"turns":15},{"damage":13,"enemies":"Shield and Spear","floor":55,"turns":5},{"damage":7,"enemies":"The Heart","floor":56,"turns":9}],"seed_played":"1311585561999113960","neow_bonus_log":{"cardsObtained":[],"cardsUpgraded":[],"cardsRemoved":["Strike_G","Defend_G"],"cardsTransformed":[],"relicsObtained":[],"maxHpGained":0,"goldGained":0,"damageTaken":0,"goldLost":0,"maxHpLost":6},"potions_obtained":[{"floor":4,"key":"SteroidPotion"},{"floor":8,"key":"SteroidPotion"},{"floor":13,"key":"BlessingOfTheForge"},{"floor":14,"key":"Fire Potion"},{"floor":16,"key":"Fire Potion"},{"floor":21,"key":"DuplicationPotion"},{"floor":23,"key":"Poison Potion"},{"floor":27,"key":"SkillPotion"},{"floor":31,"key":"SteroidPotion"},{"floor":37,"key":"SkillPotion"},{"floor":39,"key":"Block Potion"},{"floor":44,"key":"CunningPotion"},{"floor":48,"key":"Dexterity Potion"}],"is_trial":false,"path_per_floor":["M","?","M","M","M","R","M","M","T","$","E","R","M","E","R","B",null,"M","?","$","M","M","E","R","E","T","E","M","?","R","E","R","B",null,"M","M","M","?","M","R","E","R","T","E","?","M","M","M","R","B","B",null,"R","$","E","B",null],"character_chosen":"THE_SILENT","items_purchased":["Footwork","Backstab","Apotheosis","Calipers","Mummified Hand","Sadistic Nature"],"campfire_rested":2,"item_purchase_floors":[10,10,20,54,54,54],"current_hp_per_floor":[55,37,37,36,36,36,35,29,29,29,24,24,24,24,24,24,51,51,51,51,44,37,25,25,37,37,35,34,34,34,34,52,52,58,38,38,41,41,41,41,38,56,56,44,44,46,48,50,50,52,53,56,56,56,44,39],"gold":56,"neow_bonus":"REMOVE_TWO","is_prod":false,"is_daily":false,"rewards_skipped":[{"floor":46,"relics":[],"potions":["Strength Potion"]}],"chose_seed":false,"campfire_upgraded":7,"win_rate":0,"floor_exit_playtime":[281,292,352,437,545,556,654,803,812,912,1126,1179,1212,1368,1377,1597,1807,1912,1976,2068,2156,2271,2494,2501,2660,2677,2891,2984,2992,3004,3093,3109,3360,3450,3563,3621,3738,3746,3911,3924,4042,4058,4068,4359,4366,4466,4559,4645,4655,4864,5097,5125,5149,5255,5400,5647],"timestamp":1654364996,"blue_key_relic_skipped_log":{"floor":26,"relicID":"Boot"},"path_taken":["M","?","M","M","M","R","M","M","T","$","E","R","M","E","R","BOSS","M","?","?","M","M","E","R","E","T","E","M","?","R","E","R","BOSS","M","M","M","?","M","R","E","R","T","E","?","M","M","M","R","BOSS","BOSS","R","$","E","BOSS"],"build_version":"2022-03-07","purchased_purges":2,"victory":true,"max_hp_per_floor":[60,60,60,60,60,60,60,60,60,60,60,60,60,60,60,60,60,60,60,60,60,60,60,60,60,60,60,60,60,60,60,60,60,60,60,60,60,60,60,60,60,60,60,60,57,57,57,57,57,57,57,57,57,57,57,57],"relic_stats":{"Calipers":[95],"Gremlin Horn":[0,0],"counters":[33,222],"CeramicFish":36,"The Courier":173,"Bag of Preparation":[52],"MawBank":72,"Blood Vial":13,"Nunchaku":[16],"Centennial Puzzle":[27],"Bottled Flame":"Backstab","Mummified Hand":[15],"Shuriken":[1],"Prayer Wheel":7,"Black Star":7,"obtain_stats":[{"Calipers":54,"Gremlin Horn":55,"CeramicFish":44,"The Courier":27,"Bag of Preparation":11,"Paper Crane":31,"MawBank":14,"Blood Vial":44,"Nunchaku":25,"Centennial Puzzle":25,"CaptainsWheel":27,"Bottled Flame":43,"HornCleat":41,"Mummified Hand":54,"Shuriken":55,"Prayer Wheel":31,"Philosopher\u0027s Stone":34,"Bag of Marbles":9,"Black Star":17,"Red Mask":19,"StrikeDummy":41,"Ring of the Snake":0,"Meat on the Bone":23,"Pocketwatch":23},{"Calipers":31,"Gremlin Horn":32,"CeramicFish":26,"The Courier":17,"Bag of Preparation":7,"Paper Crane":19,"MawBank":9,"Blood Vial":26,"Nunchaku":16,"Centennial Puzzle":16,"CaptainsWheel":17,"Bottled Flame":25,"HornCleat":25,"Mummified Hand":31,"Shuriken":32,"Prayer Wheel":19,"Philosopher\u0027s Stone":20,"Bag of Marbles":6,"Black Star":10,"Red Mask":12,"StrikeDummy":25,"Ring of the Snake":0,"Meat on the Bone":15,"Pocketwatch":15},{"Calipers":208,"Gremlin Horn":213,"CeramicFish":167,"The Courier":96,"Bag of Preparation":34,"Paper Crane":106,"MawBank":42,"Blood Vial":167,"Nunchaku":89,"Centennial Puzzle":89,"CaptainsWheel":96,"Bottled Flame":156,"HornCleat":156,"Mummified Hand":208,"Shuriken":213,"Prayer Wheel":106,"Philosopher\u0027s Stone":120,"Bag of Marbles":28,"Black Star":52,"Red Mask":61,"StrikeDummy":156,"Ring of the Snake":0,"Meat on the Bone":82,"Pocketwatch":82}],"Ring of the Snake":[66],"Meat on the Bone":36,"Pocketwatch":[223]},"card_choices":[{"not_picked":["Deadly Poison","Prepared"],"picked":"Leg Sweep","floor":1},{"not_picked":["Cloak And Dagger","Dodge and Roll"],"picked":"Dagger Throw","floor":3},{"not_picked":["Slice","Underhanded Strike"],"picked":"Noxious Fumes","floor":4},{"not_picked":["PiercingWail","Distraction"],"picked":"Blur","floor":5},{"not_picked":["Concentrate","Outmaneuver"],"picked":"Flying Knee","floor":7},{"not_picked":["Dagger Throw","Distraction","Quick Slash"],"picked":"SKIP","floor":8},{"not_picked":["Dagger Throw","Distraction","Quick Slash"],"picked":"SKIP","floor":8},{"not_picked":["Dagger Throw","Distraction","Quick Slash"],"picked":"SKIP","floor":8},{"not_picked":["Acrobatics","Poisoned Stab"],"picked":"Terror","floor":11},{"not_picked":["Tactician","Unload"],"picked":"Blur","floor":13},{"not_picked":["Setup","Blade Dance"],"picked":"Backstab","floor":14},{"not_picked":["Envenom","Grand Finale"],"picked":"Malaise","floor":16},{"not_picked":["Accuracy","Prepared"],"picked":"All Out Attack","floor":18},{"not_picked":["Sucker Punch","Terror+1","Eviscerate"],"picked":"SKIP","floor":19},{"not_picked":["Flechettes","Acrobatics"],"picked":"Backflip","floor":21},{"not_picked":["Reflex","Leg Sweep","Acrobatics"],"picked":"SKIP","floor":22},{"not_picked":["Reflex","Prepared"],"picked":"Deflect","floor":23},{"not_picked":["Underhanded Strike","Sucker Punch","Deflect"],"picked":"SKIP","floor":25},{"not_picked":["Acrobatics","Deadly Poison"],"picked":"Escape Plan","floor":27},{"not_picked":["Slice+1","Outmaneuver","PiercingWail"],"picked":"SKIP","floor":28},{"not_picked":["Expertise","Storm of Steel"],"picked":"Caltrops+1","floor":31},{"not_picked":["Unload","Phantasmal Killer"],"picked":"Glass Knife","floor":33},{"not_picked":["Accuracy","Noxious Fumes"],"picked":"Footwork+1","floor":35},{"not_picked":["Underhanded Strike+1","Flying Knee","Reflex+1"],"picked":"SKIP","floor":35},{"not_picked":["Quick Slash+1","Slice"],"picked":"Escape Plan+1","floor":36},{"not_picked":["Flying Knee","Masterful Stab","PiercingWail"],"picked":"SKIP","floor":36},{"not_picked":["Riddle With Holes","Backflip+1"],"picked":"Corpse Explosion","floor":39},{"not_picked":["Concentrate","Underhanded Strike","Outmaneuver"],"picked":"SKIP","floor":39},{"not_picked":["Slice","Backflip+1"],"picked":"Caltrops","floor":41},{"not_picked":["Infinite Blades","A Thousand Cuts","Concentrate+1"],"picked":"SKIP","floor":44},{"not_picked":["Flying Knee+1","Deadly Poison"],"picked":"Backflip","floor":47},{"not_picked":["Dodge and Roll","Flechettes"],"picked":"Malaise","floor":48},{"not_picked":["Slice","Tactician","Poisoned Stab"],"picked":"SKIP","floor":48},{"not_picked":["Poisoned Stab+1","Distraction"],"picked":"Well Laid Plans","floor":55}],"player_experience":7079663,"relics_obtained":[{"floor":9,"key":"Bag of Marbles"},{"floor":11,"key":"Bag of Preparation"},{"floor":14,"key":"MawBank"},{"floor":19,"key":"Red Mask"},{"floor":23,"key":"Meat on the Bone"},{"floor":23,"key":"Pocketwatch"},{"floor":25,"key":"Nunchaku"},{"floor":25,"key":"Centennial Puzzle"},{"floor":27,"key":"CaptainsWheel"},{"floor":27,"key":"The Courier"},{"floor":31,"key":"Paper Crane"},{"floor":31,"key":"Prayer Wheel"},{"floor":41,"key":"StrikeDummy"},{"floor":41,"key":"HornCleat"},{"floor":43,"key":"Bottled Flame"},{"floor":44,"key":"Blood Vial"},{"floor":44,"key":"CeramicFish"},{"floor":55,"key":"Gremlin Horn"},{"floor":55,"key":"Shuriken"}],"event_choices":[{"damage_healed":0,"gold_gain":0,"player_choice":"Entered Light","damage_taken":18,"max_hp_gain":0,"max_hp_loss":0,"event_name":"Shining Light","floor":2,"gold_loss":0,"cards_upgraded":["Survivor","Strike_G"]},{"damage_healed":0,"gold_gain":0,"player_choice":"Fought Bandits","damage_taken":0,"max_hp_gain":0,"max_hp_loss":0,"event_name":"Masked Bandits","floor":19,"gold_loss":0},{"cards_removed":["Strike_G"],"damage_healed":0,"gold_gain":0,"player_choice":"Gave Gold","damage_taken":0,"max_hp_gain":0,"max_hp_loss":0,"event_name":"Beggar","floor":29,"gold_loss":75},{"damage_healed":0,"gold_gain":222,"player_choice":"Wore Mask","damage_taken":0,"max_hp_gain":0,"max_hp_loss":0,"event_name":"Tomb of Lord Red Mask","floor":38,"gold_loss":0},{"damage_healed":0,"gold_gain":0,"player_choice":"Max HP","damage_taken":0,"max_hp_gain":0,"max_hp_loss":3,"event_name":"Winding Halls","floor":45,"gold_loss":0}],"is_beta":false,"boss_relics":[{"not_picked":["Fusion Hammer","Busted Crown"],"picked":"Black Star"},{"not_picked":["SlaversCollar","Pandora\u0027s Box"],"picked":"Philosopher\u0027s Stone"}],"items_purged_floors":[20,54],"is_endless":false,"potions_floor_spawned":[4,8,13,14,16,21,23,27,31,37,39,44,46,48],"ascension_level":20,"potion_discard_per_floor":[[],[],[],[],[],[],[],[],[],[],[],[],[],["SteroidPotion"],[],["BlessingOfTheForge"],[],[],[],[],[],[],[],[],[],[],[],[],[],[],["Fire Potion"],[],[],[],[],[],[],[],["SkillPotion"],[],[],[],[],[],[],[],[],["Block Potion"],[],[],[],[],[],[],[],[],[]]}