{"neow_bonuses_skipped_log":["TRANSFORM_CARD","THREE_SMALL_POTIONS","BOSS_RELIC"],"neow_costs_skipped_log":["NONE","NONE","NONE"],"gold_per_floor":[113,127,139,150,160,160,0,29,52,86,96,21,52,52,52,126,126,145,155,167,167,167,201,201,230,230,246,262,292,292,323,323,394,394,408,426,426,439,458,458,477,509,509,409,147,174,174,209,209,209,209,209,209,27,57,57],"floor_reached":57,"playtime":4918,"items_purged":["Strike_G","Strike_G+1"],"score":2884,"play_id":"5f944584-1d51-4dfa-8178-ca825ed0447c","local_time":"20220607161639","is_ascension_mode":true,"campfire_choices":[{"data":"Skewer","floor":6,"key":"SMITH"},{"data":"Noxious Fumes","floor":15,"key":"SMITH"},{"floor":24,"key":"REST"},{"floor":30,"key":"RECALL"},{"floor":32,"key":"REST"},{"floor":40,"key":"REST"},{"floor":47,"key":"REST"},{"floor":49,"key":"REST"},{"floor":53,"key":"REST"}],"neow_cost":"TEN_PERCENT_HP_LOSS","seed_source_timestamp":2097903651783600,"shop_contents":[{"floor":7,"relics":["Mango","Toolbox"],"cards":["Sucker Punch","Glass Knife","Deadly Poison","Malaise","Noxious Fumes","Discovery","Panache"],"potions":["LiquidMemories","PowerPotion","BlessingOfTheForge"]},{"floor":12,"relics":["Gremlin Horn","Lantern","OrangePellets"],"cards":["Dagger Throw","Quick Slash","Prepared","Malaise","Accuracy","Discovery","Master of Strategy"],"potions":["SteroidPotion","Energy Potion","Energy Potion"]},{"floor":44,"relics":["Shovel","CeramicFish","Cauldron"],"cards":["Bane","Grand Finale","Cloak And Dagger","Expertise","Accuracy","Dramatic Entrance","Chrysalis"],"potions":["FearPotion","SkillPotion","Block Potion"]},{"floor":45,"relics":["The Specimen","Sling"],"cards":["Bane","Flying Knee","Prepared","Dodge and Roll","Dark Shackles","Panache"],"potions":["Fruit Juice","SkillPotion"]},{"floor":54,"relics":["Toy Ornithopter","Bird Faced Urn","Strange Spoon"],"cards":["Finisher","Endless Agony","Terror","Venomology","Infinite Blades","Panacea","Violence"],"potions":["Explosive Potion","ColorlessPotion","SkillPotion"]}],"circlet_count":0,"master_deck":["AscendersBane","Strike_G+1","Strike_G+1","Strike_G+1","Defend_G+1","Defend_G+1","Defend_G+1","Defend_G+1","Defend_G+1","Survivor","Neutralize","Blade Dance","Skewer+1","Noxious Fumes+1","Backflip","Adrenaline","Deadly Poison","Wraith Form v2","PiercingWail","Acrobatics","Noxious Fumes+1","Tools of the Trade","Footwork+1","Calculated Gamble","Catalyst","Well Laid Plans","Night Terror","Blur+1","Sucker Punch+1","Backflip","Footwork"],"potion_use_per_floor":[[],[],[],[],[],[],[],[],[],["DuplicationPotion"],[],[],[],[],[],["SteroidPotion"],[],[],[],[],[],[],["CultistPotion"],[],[],[],[],["Block Potion"],["SpeedPotion"],[],[],[],[],[],[],[],[],[],[],[],[],["GhostInAJar"],[],[],[],[],[],[],[],[],["Swift Potion"],[],[],[],["DistilledChaos"],["GhostInAJar","Weak Potion","Swift Potion","EntropicBrew","Ancient Potion","EssenceOfSteel","DuplicationPotion"],[]],"relics":["Ring of the Snake","Torii","Art of War","Akabeko","Regal Pillow","Boot","Whetstone","Fusion Hammer","Centennial Puzzle","Ancient Tea Set","Tingsha","StoneCalendar","Cursed Key","Bag of Preparation","Potion Belt","The Courier","Orichalcum","StrikeDummy"],"potions_floor_usage":[10,16,23,28,29,42,51,55,56,56,56,56,56,56,56],"damage_taken":[{"damage":2,"enemies":"Cultist","floor":1,"turns":5},{"damage":1,"enemies":"Small Slimes","floor":2,"turns":4},{"damage":1,"enemies":"2 Louse","floor":3,"turns":3},{"damage":3,"enemies":"Blue Slaver","floor":4,"turns":4},{"damage":2,"enemies":"Red Slaver","floor":5,"turns":3},{"damage":22,"enemies":"3 Sentries","floor":8,"turns":7},{"damage":1,"enemies":"Lagavulin","floor":10,"turns":4},{"damage":2,"enemies":"Gremlin Gang","floor":11,"turns":5},{"damage":4,"enemies":"3 Sentries","floor":13,"turns":6},{"damage":21,"enemies":"Hexaghost","floor":16,"turns":9},{"damage":0,"enemies":"Chosen","floor":18,"turns":4},{"damage":1,"enemies":"Shell Parasite","floor":19,"turns":2},{"damage":18,"enemies":"Snake Plant","floor":20,"turns":4},{"damage":1,"enemies":"Book of Stabbing","floor":23,"turns":5},{"damage":4,"enemies":"Gremlin Leader","floor":25,"turns":6},{"damage":0,"enemies":"Snecko","floor":27,"turns":4},{"damage":3,"enemies":"Cultist and Chosen","floor":28,"turns":6},{"damage":2,"enemies":"Book of Stabbing","floor":29,"turns":5},{"damage":12,"enemies":"Gremlin Leader","floor":31,"turns":6},{"damage":2,"enemies":"Champ","floor":33,"turns":8},{"damage":1,"enemies":"3 Darklings","floor":35,"turns":5},{"damage":1,"enemies":"Orb Walker","floor":36,"turns":2},{"damage":1,"enemies":"Spire Growth","floor":38,"turns":6},{"damage":0,"enemies":"4 Shapes","floor":39,"turns":6},{"damage":13,"enemies":"Jaw Worm Horde","floor":41,"turns":5},{"damage":10,"enemies":"Reptomancer","floor":42,"turns":7},{"damage":1,"enemies":"Giant Head","floor":46,"turns":8},{"damage":0,"enemies":"Reptomancer","floor":48,"turns":7},{"damage":35,"enemies":"Awakened One","floor":50,"turns":23},{"damage":18,"enemies":"Donu and Deca","floor":51,"turns":9},{"damage":13,"enemies":"Shield and Spear","floor":55,"turns":7},{"damage":19,"enemies":"The Heart","floor":56,"turns":8}],"seed_played":"-2262897948397207678","neow_bonus_log":{"cardsObtained":[],"cardsUpgraded":[],"cardsRemoved":[],"cardsTransformed":[],"relicsObtained":["Torii"],"maxHpGained":0,"goldGained":0,"damageTaken":0,"goldLost":0,"maxHpLost":6},"potions_obtained":[{"floor":1,"key":"GhostInAJar"},{"floor":2,"key":"GamblersBrew"},{"floor":3,"key":"DuplicationPotion"},{"floor":11,"key":"SteroidPotion"},{"floor":20,"key":"CultistPotion"},{"floor":25,"key":"PowerPotion"},{"floor":27,"key":"Block Potion"},{"floor":28,"key":"SpeedPotion"},{"floor":31,"key":"Regen Potion"},{"floor":41,"key":"GhostInAJar"},{"floor":48,"key":"Swift Potion"},{"floor":55,"key":"Weak Potion"}],"is_trial":false,"path_per_floor":["M","M","M","M","M","R","$","E","T","E","M","$","E","?","R","B",null,"M","M","M","?","?","E","R","E","T","M","M","E","R","E","R","B",null,"M","M","?","M","M","R","M","E","T","$","$","E","R","E","R","B","B",null,"R","$","E","B",null],"character_chosen":"THE_SILENT","items_purchased":["Art of War","Potion Belt","Footwork","Swift Potion","Weak Potion","EntropicBrew","DistilledChaos"],"campfire_rested":6,"item_purchase_floors":[7,45,45,45,54,54,54],"current_hp_per_floor":[57,56,55,52,50,50,50,28,28,27,25,25,21,26,26,5,50,50,49,31,31,31,30,64,60,60,60,57,55,55,43,65,63,65,64,63,63,62,62,65,52,42,42,42,42,41,65,65,65,30,12,52,65,65,52,33],"gold":57,"neow_bonus":"ONE_RARE_RELIC","is_prod":false,"is_daily":false,"rewards_skipped":[{"floor":5,"relics":[],"potions":["Strength Potion"]},{"floor":35,"relics":[],"potions":["Dexterity Potion"]},{"floor":36,"relics":[],"potions":["SpeedPotion"]}],"chose_seed":false,"campfire_upgraded":2,"win_rate":0,"floor_exit_playtime":[266,346,435,503,592,598,666,784,795,881,973,1014,1137,1142,1151,1371,1484,1538,1594,1651,1676,1706,1810,1816,1947,1968,2047,2142,2239,2248,2357,2361,2572,2659,2796,2830,2875,3003,3082,3087,3191,3387,3398,3410,3450,3608,3613,3752,3756,4102,4335,4349,4355,4435,4611,4918],"timestamp":1654632999,"blue_key_relic_skipped_log":{"floor":26,"relicID":"Bottled Lightning"},"path_taken":["M","M","M","M","M","R","?","E","T","E","?","$","E","?","R","BOSS","M","M","M","?","?","E","R","E","T","M","?","E","R","E","R","BOSS","M","?","?","?","M","R","M","E","T","?","$","E","R","E","R","BOSS","BOSS","R","$","E","BOSS"],"build_version":"2022-03-07","purchased_purges":2,"victory":true,"max_hp_per_floor":[60,60,60,60,60,60,60,60,60,60,60,60,60,65,65,65,65,65,65,65,65,65,65,65,65,65,65,65,65,65,65,65,65,65,65,65,65,65,65,65,65,65,65,65,65,65,65,65,65,65,65,65,65,65,65,65],"relic_stats":{"Regal Pillow":23,"Torii":117,"counters":[32,193],"Tingsha":[355],"StoneCalendar":[489],"The Courier":47,"Bag of Preparation":[12],"Whetstone":["Strike_G","Strike_G"],"Orichalcum":[42],"Boot":[125],"Ancient Tea Set":[12],"Cursed Key":0,"Centennial Puzzle":[45],"Art of War":[56],"obtain_stats":[{"Potion Belt":45,"Regal Pillow":9,"Torii":0,"Tingsha":29,"StoneCalendar":31,"The Courier":46,"Bag of Preparation":42,"Whetstone":13,"Orichalcum":48,"Boot":10,"Ancient Tea Set":25,"Cursed Key":34,"Akabeko":8,"Centennial Puzzle":23,"Fusion Hammer":17,"Art of War":7,"StrikeDummy":55,"Ring of the Snake":0},{"Potion Belt":26,"Regal Pillow":6,"Torii":0,"Tingsha":18,"StoneCalendar":19,"The Courier":27,"Bag of Preparation":26,"Whetstone":9,"Orichalcum":28,"Boot":7,"Ancient Tea Set":15,"Cursed Key":20,"Akabeko":6,"Centennial Puzzle":14,"Fusion Hammer":10,"Art of War":5,"StrikeDummy":31,"Ring of the Snake":0},{"Potion Belt":131,"Regal Pillow":26,"Torii":0,"Tingsha":86,"StoneCalendar":92,"The Courier":139,"Bag of Preparation":131,"Whetstone":41,"Orichalcum":146,"Boot":30,"Ancient Tea Set":71,"Cursed Key":100,"Akabeko":26,"Centennial Puzzle":65,"Fusion Hammer":50,"Art of War":19,"StrikeDummy":185,"Ring of the Snake":0}],"Ring of the Snake":[64]},"card_choices":[{"not_picked":["Expertise","Outmaneuver"],"picked":"Blade Dance","floor":1},{"not_picked":["Backflip","Dagger Spray"],"picked":"Skewer","floor":2},{"not_picked":["Cloak And Dagger","Outmaneuver","Acrobatics"],"picked":"SKIP","floor":3},{"not_picked":["Cloak And Dagger","Outmaneuver","Acrobatics"],"picked":"SKIP","floor":3},{"not_picked":["Sucker Punch","Predator"],"picked":"Noxious Fumes","floor":4},{"not_picked":["Acrobatics","Dagger Spray"],"picked":"Backflip","floor":5},{"not_picked":["Acrobatics","All Out Attack"],"picked":"Adrenaline","floor":8},{"not_picked":["Slice","Dagger Throw","Underhanded Strike"],"picked":"SKIP","floor":10},{"not_picked":["Dagger Throw","Quick Slash","Slice"],"picked":"SKIP","floor":11},{"not_picked":["Tactician","Envenom"],"picked":"Deadly Poison","floor":13},{"not_picked":["Venomology","Doppelganger"],"picked":"Wraith Form v2","floor":16},{"not_picked":["Dagger Spray","Distraction+1","Slice"],"picked":"SKIP","floor":18},{"not_picked":["Outmaneuver+1","Prepared"],"picked":"PiercingWail","floor":19},{"not_picked":["Concentrate+1","Reflex"],"picked":"Acrobatics","floor":20},{"not_picked":["Noxious Fumes","Backstab+1"],"picked":"Tools of the Trade","floor":23},{"not_picked":["Eviscerate+1","Infinite Blades"],"picked":"Footwork+1","floor":25},{"not_picked":["Quick Slash","Bane","Underhanded Strike"],"picked":"SKIP","floor":27},{"not_picked":["Quick Slash","Bane","Underhanded Strike"],"picked":"SKIP","floor":27},{"not_picked":["Skewer","Blade Dance"],"picked":"Calculated Gamble","floor":28},{"not_picked":["Blur","Backstab"],"picked":"Catalyst","floor":29},{"not_picked":["All Out Attack","Acrobatics"],"picked":"Well Laid Plans","floor":31},{"not_picked":["Tools of the Trade","Burst"],"picked":"Night Terror","floor":33},{"not_picked":["Quick Slash+1","Acrobatics","Terror"],"picked":"SKIP","floor":35},{"not_picked":["Dagger Throw","Deflect"],"picked":"Blur+1","floor":36},{"not_picked":["Outmaneuver+1","Acrobatics"],"picked":"Sucker Punch+1","floor":38},{"not_picked":["Terror+1","Blade Dance","Slice"],"picked":"SKIP","floor":39},{"not_picked":["Dagger Throw","Choke+1","Prepared"],"picked":"SKIP","floor":41},{"not_picked":["Accuracy+1","Dagger Throw"],"picked":"Backflip","floor":42},{"not_picked":["Accuracy+1","Endless Agony+1","Heel Hook"],"picked":"SKIP","floor":46},{"not_picked":["Prepared","Deflect","Bane"],"picked":"SKIP","floor":48},{"not_picked":["Leg Sweep","Quick Slash","Eviscerate"],"picked":"SKIP","floor":55}],"player_experience":7096817,"relics_obtained":[{"floor":8,"key":"Akabeko"},{"floor":9,"key":"Regal Pillow"},{"floor":10,"key":"Boot"},{"floor":13,"key":"Whetstone"},{"floor":23,"key":"Centennial Puzzle"},{"floor":25,"key":"Ancient Tea Set"},{"floor":29,"key":"Tingsha"},{"floor":31,"key":"StoneCalendar"},{"floor":42,"key":"Bag of Preparation"},{"floor":46,"key":"The Courier"},{"floor":48,"key":"Orichalcum"},{"floor":55,"key":"StrikeDummy"}],"event_choices":[{"damage_healed":0,"gold_gain":0,"player_choice":"Donut","damage_taken":0,"max_hp_gain":5,"max_hp_loss":0,"event_name":"Big Fish","floor":14,"gold_loss":0},{"damage_healed":0,"gold_gain":0,"player_choice":"Simplicity","damage_taken":0,"max_hp_gain":0,"max_hp_loss":0,"event_name":"Back to Basics","floor":21,"gold_loss":0,"cards_upgraded":["Strike_G","Strike_G","Defend_G","Defend_G","Defend_G","Defend_G","Defend_G"]},{"damage_healed":0,"gold_gain":0,"player_choice":"Copied","damage_taken":0,"max_hp_gain":0,"max_hp_loss":0,"event_name":"Duplicator","floor":22,"gold_loss":0,"cards_obtained":["Noxious Fumes"]},{"damage_healed":0,"gold_gain":0,"player_choice":"Ignored","damage_taken":0,"max_hp_gain":0,"max_hp_loss":0,"event_name":"SecretPortal","floor":37,"gold_loss":0}],"is_beta":false,"boss_relics":[{"not_picked":["Coffee Dripper","HoveringKite"],"picked":"Fusion Hammer"},{"not_picked":["Velvet Choker","Sozu"],"picked":"Cursed Key"}],"items_purged_floors":[12,44],"is_endless":false,"potions_floor_spawned":[1,2,3,5,11,20,25,27,28,31,35,36,41,48,55],"ascension_level":20,"potion_discard_per_floor":[[],[],["GamblersBrew"],[],[],[],[],[],[],[],[],[],[],[],[],[],[],[],[],[],[],[],[],[],[],[],["PowerPotion"],[],[],[],[],[],[],[],[],[],[],[],[],[],["Regen Potion"],[],[],[],[],[],[],[],[],[],[],[],[],["Weak Potion"],[],[],[]]}