{"neow_bonuses_skipped_log":["TEN_PERCENT_HP_BONUS","ONE_RARE_RELIC","BOSS_RELIC"],"neow_costs_skipped_log":["NONE","PERCENT_DAMAGE","NONE"],"gold_per_floor":[116,126,136,152,172,198,198,229,229,243,254,269,297,309,321,408,420,451,25,55,73,90,123,142,174,198,215,241,258,183,217,217,291,291,303,321,338,560,364,364,364,391,391,417,432,432,463,478,478,478,478,478,478,13,47,47],"floor_reached":57,"playtime":5404,"items_purged":["Strike_G","Dagger Spray"],"score":3546,"play_id":"14536cc5-14ba-40b7-b7d2-9637f18f7c7c","local_time":"20220618153601","falling_options_log":["Die Die Die","Envenom+1"],"score_breakdown":["Floors Climbed (57): 285","Enemies Slain (19): 38","Exordium Elites Killed (3): 30","City Elites Killed (4): 80","Beyond Elites Killed (3): 90","Bosses Slain (5): 750","Money Money (1122): 25","Librarian: 25","Champion (6): 150","Beyond Perfect: 200","Ascension (20): 1623","Heartbreaker: 250"],"is_ascension_mode":true,"campfire_choices":[{"floor":7,"key":"REST"},{"data":"Blade Dance","floor":15,"key":"SMITH"},{"floor":32,"key":"RECALL"},{"data":"Neutralize","floor":40,"key":"SMITH"},{"data":"1","floor":46,"key":"LIFT"},{"data":"2","floor":49,"key":"LIFT"},{"data":"3","floor":53,"key":"LIFT"}],"neow_cost":"NONE","seed_source_timestamp":3045324721744100,"shop_contents":[{"floor":19,"relics":[],"cards":["Quick Slash","Flying Knee","Backflip+1","Distraction+1","Caltrops","Deep Breath+1","Secret Weapon+1"],"potions":["SteroidPotion","EssenceOfSteel","SkillPotion"]},{"floor":39,"relics":["Omamori","HandDrill"],"cards":["Slice","Die Die Die","Well Laid Plans","Deep Breath+1","The Bomb+1"],"potions":["Energy Potion","AttackPotion","CunningPotion"]},{"floor":54,"relics":[],"cards":["Skewer","Dagger Throw","Blade Dance+1","Enlightenment+1","Magnetism"],"potions":["AttackPotion","AttackPotion","Poison Potion"]}],"circlet_count":0,"master_deck":["AscendersBane","Defend_G","Defend_G+1","Defend_G","Survivor","Neutralize+1","Trip","Slice","Blade Dance+1","Malaise+1","Backstab+1","Finisher","Blade Dance","Dodge and Roll","Finisher","Backflip","Die Die Die+1","Envenom+1","Glass Knife+1","Blur+1","Dagger Throw+1","PiercingWail+1","Flying Knee+1","Reflex+1","Blade Dance+1","Venomology+1","Blur+1","Acrobatics+1","Night Terror+1","Storm of Steel+1","Prepared+1","Concentrate+1","Escape Plan+1","Calculated Gamble+1","Acrobatics+1","Blur+1","Calculated Gamble+1","Prepared+1","Footwork","Venomology+1"],"potion_use_per_floor":[[],[],[],["SpeedPotion"],[],[],[],["Regen Potion","Dexterity Potion"],[],[],[],[],["SkillPotion"],[],[],["Fire Potion"],[],[],[],[],[],[],["Energy Potion"],[],[],[],["LiquidMemories"],["AttackPotion"],[],[],["Weak Potion","Swift Potion"],[],["GamblersBrew"],[],["Explosive Potion","Fire Potion","Dexterity Potion"],["Weak Potion"],["Explosive Potion"],[],[],[],[],["Energy Potion","ColorlessPotion","LiquidMemories","PowerPotion"],[],["Weak Potion","ColorlessPotion","Ancient Potion","Ancient Potion"],[],[],["Swift Potion"],[],[],["FearPotion","Regen Potion"],[],[],[],[],["BlessingOfTheForge","PowerPotion","Dexterity Potion","Explosive Potion"],["Ancient Potion","SpeedPotion","GamblersBrew","EntropicBrew","CultistPotion","PowerPotion"],[]],"relics":["Ring of the Snake","Boot","War Paint","Oddly Smooth Stone","MawBank","Astrolabe","Membership Card","Toxic Egg 2","Gremlin Horn","Red Mask","HornCleat","Tough Bandages","Mummified Hand","Centennial Puzzle","Runic Pyramid","Vajra","Girya","Akabeko","Dream Catcher","Bag of Preparation","Pantograph","TheAbacus","Pen Nib","Whetstone"],"potions_floor_usage":[4,8,8,13,16,23,27,28,31,31,33,35,35,35,36,37,42,42,42,42,44,44,44,44,47,50,50,55,55,55,55,56,56,56,56,56,56],"damage_taken":[{"damage":2,"enemies":"Jaw Worm","floor":1,"turns":5},{"damage":0,"enemies":"Cultist","floor":2,"turns":2},{"damage":0,"enemies":"2 Louse","floor":3,"turns":2},{"damage":3,"enemies":"Blue Slaver","floor":4,"turns":2},{"damage":7,"enemies":"Exordium Wildlife","floor":5,"turns":4},{"damage":37,"enemies":"Gremlin Nob","floor":6,"turns":4},{"damage":6,"enemies":"3 Sentries","floor":8,"turns":6},{"damage":0,"enemies":"Looter","floor":10,"turns":1},{"damage":0,"enemies":"3 Louse","floor":11,"turns":3},{"damage":0,"enemies":"Exordium Wildlife","floor":12,"turns":3},{"damage":4,"enemies":"Lagavulin","floor":13,"turns":6},{"damage":0,"enemies":"Slime Boss","floor":16,"turns":5},{"damage":0,"enemies":"Shell Parasite","floor":18,"turns":4},{"damage":0,"enemies":"Masked Bandits","floor":20,"turns":3},{"damage":3,"enemies":"Chosen","floor":21,"turns":3},{"damage":8,"enemies":"Snecko","floor":22,"turns":4},{"damage":1,"enemies":"Book of Stabbing","floor":23,"turns":4},{"damage":0,"enemies":"Cultist and Chosen","floor":24,"turns":3},{"damage":1,"enemies":"Gremlin Leader","floor":25,"turns":4},{"damage":2,"enemies":"Shelled Parasite and Fungi","floor":27,"turns":5},{"damage":0,"enemies":"Slavers","floor":28,"turns":4},{"damage":0,"enemies":"Chosen and Byrds","floor":29,"turns":4},{"damage":0,"enemies":"Gremlin Leader","floor":31,"turns":4},{"damage":30,"enemies":"Champ","floor":33,"turns":9},{"damage":0,"enemies":"3 Shapes","floor":35,"turns":4},{"damage":0,"enemies":"Orb Walker","floor":36,"turns":4},{"damage":0,"enemies":"Jaw Worm Horde","floor":37,"turns":2},{"damage":0,"enemies":"Giant Head","floor":42,"turns":4},{"damage":0,"enemies":"Nemesis","floor":44,"turns":5},{"damage":0,"enemies":"3 Darklings","floor":45,"turns":2},{"damage":0,"enemies":"Giant Head","floor":47,"turns":4},{"damage":0,"enemies":"Sphere and 2 Shapes","floor":48,"turns":1},{"damage":0,"enemies":"Time Eater","floor":50,"turns":18},{"damage":0,"enemies":"Donu and Deca","floor":51,"turns":9},{"damage":0,"enemies":"Shield and Spear","floor":55,"turns":5},{"damage":2,"enemies":"The Heart","floor":56,"turns":10}],"seed_played":"3586544900355374319","neow_bonus_log":{"cardsObtained":[],"cardsUpgraded":[],"cardsRemoved":[],"cardsTransformed":[],"relicsObtained":[],"maxHpGained":0,"goldGained":0,"damageTaken":0,"goldLost":0,"maxHpLost":0},"potions_obtained":[{"floor":1,"key":"SpeedPotion"},{"floor":3,"key":"Dexterity Potion"},{"floor":6,"key":"Regen Potion"},{"floor":8,"key":"Fire Potion"},{"floor":10,"key":"Weak Potion"},{"floor":12,"key":"SkillPotion"},{"floor":18,"key":"Energy Potion"},{"floor":21,"key":"PowerPotion"},{"floor":22,"key":"Energy Potion"},{"floor":25,"key":"LiquidMemories"},{"floor":33,"key":"Explosive Potion"},{"floor":37,"key":"LiquidMemories"},{"floor":42,"key":"Weak Potion"}],"is_trial":false,"path_per_floor":["M","M","M","M","M","E","R","E","T","M","M","M","E","?","R","B",null,"M","$","?","M","M","E","M","E","T","M","E","M","?","E","R","B",null,"M","M","M","?","$","R","?","E","T","E","M","R","E","M","R","B","B",null,"R","$","E","B",null],"character_chosen":"THE_SILENT","items_purchased":["Membership Card","Toxic Egg 2","Gremlin Horn","Calculated Gamble+1","Acrobatics+1","Vajra","Pantograph","Footwork","TheAbacus","Venomology+1","Pen Nib"],"campfire_rested":1,"item_purchase_floors":[19,19,19,39,39,39,54,54,54,54,54],"current_hp_per_floor":[57,57,57,54,47,10,29,38,38,38,38,38,34,34,34,34,58,58,58,58,55,47,46,46,45,45,43,43,43,43,43,43,13,53,53,53,53,53,53,53,53,53,53,53,53,53,53,53,53,66,66,66,66,66,66,64],"gold":47,"neow_bonus":"RANDOM_COLORLESS","is_prod":false,"is_daily":false,"rewards_skipped":[{"floor":36,"relics":[],"potions":["SkillPotion"]}],"chose_seed":false,"campfire_upgraded":2,"win_rate":0,"floor_exit_playtime":[293,343,402,452,539,609,628,739,749,819,881,939,1061,1104,1132,1363,1579,1648,1766,1852,1914,2010,2142,2220,2312,2323,2472,2601,2673,2679,2790,2815,3094,3203,3302,3371,3470,3477,3569,3582,3592,3743,3747,3857,3923,3930,4042,4077,4084,4465,4702,4727,4733,4807,4989,5404],"timestamp":1655580961,"blue_key_relic_skipped_log":{"floor":26,"relicID":"Blood Vial"},"path_taken":["M","M","M","M","M","E","R","E","T","M","M","M","E","?","R","BOSS","M","$","?","M","M","E","M","E","T","M","E","M","?","E","R","BOSS","M","M","M","?","$","R","?","E","T","E","M","R","E","M","R","BOSS","BOSS","R","$","E","BOSS"],"build_version":"2022-03-07","purchased_purges":2,"victory":true,"max_hp_per_floor":[66,66,66,66,66,66,66,66,66,66,66,66,66,66,66,66,66,66,66,66,66,66,66,66,66,66,66,66,66,66,66,66,66,66,66,66,66,66,66,66,66,66,66,66,66,66,66,66,66,66,66,66,66,66,66,66],"relic_stats":{"Girya":3,"Gremlin Horn":[24,24],"counters":[36,162],"Astrolabe":["Envenom","Glass Knife","Blur"],"Pen Nib":[5],"Bag of Preparation":[10],"Whetstone":["Die Die Die","Backstab"],"War Paint":["Malaise","Defend_G"],"Boot":[204],"MawBank":72,"Tough Bandages":[801],"Centennial Puzzle":[6],"Dream Catcher":0,"TheAbacus":[18],"Mummified Hand":[19],"Pantograph":0,"Membership Card":929,"obtain_stats":[{"Girya":42,"Gremlin Horn":19,"Astrolabe":17,"Oddly Smooth Stone":9,"Vajra":39,"Pen Nib":54,"Bag of Preparation":47,"Whetstone":55,"War Paint":8,"Boot":6,"MawBank":13,"Akabeko":43,"Tough Bandages":25,"Centennial Puzzle":31,"Dream Catcher":44,"HornCleat":23,"TheAbacus":54,"Mummified Hand":28,"Pantograph":54,"Red Mask":20,"Membership Card":19,"Toxic Egg 2":19,"Ring of the Snake":0,"Runic Pyramid":34},{"Girya":28,"Gremlin Horn":13,"Astrolabe":12,"Oddly Smooth Stone":7,"Vajra":27,"Pen Nib":34,"Bag of Preparation":31,"Whetstone":35,"War Paint":7,"Boot":6,"MawBank":11,"Akabeko":28,"Tough Bandages":19,"Centennial Puzzle":23,"Dream Catcher":29,"HornCleat":17,"TheAbacus":34,"Mummified Hand":21,"Pantograph":34,"Red Mask":14,"Membership Card":13,"Toxic Egg 2":13,"Ring of the Snake":0,"Runic Pyramid":24},{"Girya":108,"Gremlin Horn":47,"Astrolabe":43,"Oddly Smooth Stone":25,"Vajra":104,"Pen Nib":147,"Bag of Preparation":119,"Whetstone":152,"War Paint":25,"Boot":19,"MawBank":38,"Akabeko":108,"Tough Bandages":68,"Centennial Puzzle":85,"Dream Catcher":113,"HornCleat":61,"TheAbacus":147,"Mummified Hand":77,"Pantograph":147,"Red Mask":50,"Membership Card":47,"Toxic Egg 2":47,"Ring of the Snake":0,"Runic Pyramid":94}],"Ring of the Snake":[72]},"card_choices":[{"not_picked":["Madness","Jack Of All Trades"],"picked":"Trip","floor":0},{"not_picked":["Sucker Punch","Expertise"],"picked":"Dagger Spray","floor":1},{"not_picked":["Bane","Blur"],"picked":"Slice","floor":2},{"not_picked":["Blur","Acrobatics"],"picked":"Blade Dance","floor":3},{"not_picked":["Poisoned Stab","Prepared"],"picked":"Malaise","floor":4},{"not_picked":["Slice","Escape Plan"],"picked":"Backstab","floor":5},{"not_picked":["Blur","Distraction"],"picked":"Finisher","floor":6},{"not_picked":["Underhanded Strike","Bane"],"picked":"Blade Dance","floor":8},{"not_picked":["Reflex","Heel Hook"],"picked":"Dodge and Roll","floor":10},{"not_picked":["All Out Attack","Dagger Throw"],"picked":"Finisher","floor":11},{"not_picked":["Deadly Poison","Dagger Throw","Sucker Punch"],"picked":"SKIP","floor":12},{"not_picked":["Dodge and Roll","Caltrops"],"picked":"Backflip","floor":13},{"not_picked":["Storm of Steel","Night Terror"],"picked":"Die Die Die","floor":16},{"not_picked":["Sucker Punch","Deadly Poison"],"picked":"Dagger Throw+1","floor":18},{"not_picked":["Dagger Throw","Poisoned Stab"],"picked":"PiercingWail+1","floor":20},{"not_picked":["Bane","Riddle With Holes"],"picked":"Flying Knee+1","floor":21},{"not_picked":["Dagger Spray+1","Backstab"],"picked":"Reflex+1","floor":22},{"not_picked":["Deadly Poison+1","Catalyst+1"],"picked":"Blade Dance+1","floor":23},{"not_picked":["Outmaneuver+1","Choke+1"],"picked":"Venomology+1","floor":24},{"not_picked":["All Out Attack","Backstab"],"picked":"Blur+1","floor":25},{"not_picked":["PiercingWail+1","Eviscerate"],"picked":"Acrobatics+1","floor":27},{"not_picked":["Riddle With Holes","Outmaneuver+1","Bouncing Flask+1"],"picked":"SKIP","floor":28},{"not_picked":["Leg Sweep+1","Cloak And Dagger+1","Endless Agony"],"picked":"SKIP","floor":29},{"not_picked":["Leg Sweep+1","Cloak And Dagger+1","Endless Agony"],"picked":"SKIP","floor":29},{"not_picked":["Slice+1","Noxious Fumes+1"],"picked":"Night Terror+1","floor":31},{"not_picked":["Phantasmal Killer+1","A Thousand Cuts"],"picked":"Storm of Steel+1","floor":33},{"not_picked":["Blade Dance+1","Underhanded Strike+1"],"picked":"Prepared+1","floor":35},{"not_picked":["Bane+1","Dash"],"picked":"Concentrate+1","floor":36},{"not_picked":["Deflect+1","Setup+1"],"picked":"Escape Plan+1","floor":37},{"not_picked":["Terror+1","Slice+1"],"picked":"Blur+1","floor":42},{"not_picked":["PiercingWail+1","Cloak And Dagger+1"],"picked":"Calculated Gamble+1","floor":45},{"not_picked":["Acrobatics+1","Poisoned Stab"],"picked":"Prepared+1","floor":48},{"not_picked":["Blade Dance+1","Flying Knee","Underhanded Strike"],"picked":"SKIP","floor":55}],"player_experience":7208878,"relics_obtained":[{"floor":6,"key":"Boot"},{"floor":8,"key":"War Paint"},{"floor":9,"key":"Oddly Smooth Stone"},{"floor":13,"key":"MawBank"},{"floor":20,"key":"Red Mask"},{"floor":23,"key":"HornCleat"},{"floor":25,"key":"Tough Bandages"},{"floor":28,"key":"Mummified Hand"},{"floor":31,"key":"Centennial Puzzle"},{"floor":42,"key":"Girya"},{"floor":43,"key":"Akabeko"},{"floor":44,"key":"Dream Catcher"},{"floor":47,"key":"Bag of Preparation"},{"floor":55,"key":"Whetstone"}],"event_choices":[{"cards_removed":["Defend_G"],"damage_healed":0,"gold_gain":0,"player_choice":"Offered Basic","damage_taken":0,"max_hp_gain":0,"max_hp_loss":0,"event_name":"Bonfire Elementals","floor":14,"gold_loss":0},{"damage_healed":0,"gold_gain":0,"player_choice":"Fought Bandits","damage_taken":0,"max_hp_gain":0,"max_hp_loss":0,"event_name":"Masked Bandits","floor":20,"gold_loss":0},{"cards_removed":["Strike_G"],"damage_healed":0,"gold_gain":0,"player_choice":"Gave Gold","damage_taken":0,"max_hp_gain":0,"max_hp_loss":0,"event_name":"Beggar","floor":30,"gold_loss":75},{"damage_healed":0,"gold_gain":222,"player_choice":"Wore Mask","damage_taken":0,"max_hp_gain":0,"max_hp_loss":0,"event_name":"Tomb of Lord Red Mask","floor":38,"gold_loss":0},{"cards_removed":["Defend_G"],"damage_healed":0,"gold_gain":0,"player_choice":"Removed Skill","damage_taken":0,"max_hp_gain":0,"max_hp_loss":0,"event_name":"Falling","floor":41,"gold_loss":0}],"is_beta":false,"boss_relics":[{"not_picked":["Calling Bell","Black Star"],"picked":"Astrolabe"},{"not_picked":["Pandora\u0027s Box","WristBlade"],"picked":"Runic Pyramid"}],"items_purged_floors":[39,54],"is_endless":false,"potions_floor_spawned":[1,3,6,8,10,12,18,21,22,25,33,36,37,42],"ascension_level":20,"potion_discard_per_floor":[[],[],[],[],[],[],[],[],[],[],[],["Weak Potion"],[],[],[],[],[],[],[],[],[],["PowerPotion"],[],[],["Energy Potion"],[],[],[],[],[],[],[],[],[],["FairyPotion"],[],["Explosive Potion"],[],[],[],[],["Poison Potion"],[],[],[],[],[],[],[],[],[],[],[],[],[],[],[]]}