{"gold_per_floor":[112,126,126,176,194,194,227,244,244,244,30,47,47,75,75,152,152,169,169,94,117,117,151,151,171,171,187,187,212,212,226,226,302,302,321,367,367,367,387,387,154,154,180,195,195,195,29,64,64,64,64,64,64,11,36,36],"floor_reached":57,"playtime":9357,"items_purged":["Strike_G"],"score":2948,"play_id":"f10c7159-4168-413d-9a50-de28316f9963","local_time":"20220710125420","is_ascension_mode":true,"campfire_choices":[{"data":"Poisoned Stab","floor":6,"key":"SMITH"},{"data":"Flechettes","floor":10,"key":"SMITH"},{"data":"Catalyst","floor":13,"key":"SMITH"},{"data":"Corpse Explosion","floor":15,"key":"SMITH"},{"data":"RitualDagger","floor":24,"key":"SMITH"},{"data":"Ghostly","floor":32,"key":"SMITH"},{"data":"Wraith Form v2","floor":40,"key":"SMITH"},{"data":"Catalyst","floor":42,"key":"SMITH"},{"floor":49,"key":"RECALL"},{"data":"Ghostly","floor":53,"key":"SMITH"}],"neow_cost":"TEN_PERCENT_HP_LOSS","seed_source_timestamp":957942028273700,"shop_contents":[{"floor":11,"relics":["Art of War","MealTicket","TwistedFunnel"],"cards":["Glass Knife","Riddle With Holes","Noxious Fumes","Mind Blast","HandOfGreed"],"potions":["BlessingOfTheForge","BlessingOfTheForge","Weak Potion"]},{"floor":41,"relics":["Bottled Flame","OrangePellets"],"cards":["Skewer","Slice","Blur","Reflex","Well Laid Plans","Good Instincts","Secret Weapon"],"potions":["FearPotion","EntropicBrew","Strength Potion"]},{"floor":45,"relics":["Whetstone","Bag of Marbles","Chemical X"],"cards":["Slice","Backstab","Phantasmal Killer","Deflect","Accuracy","Madness","Magnetism"],"potions":["Weak Potion","BlessingOfTheForge","Fire Potion"]},{"floor":47,"relics":["Toy Ornithopter","CeramicFish"],"cards":["Slice","Quick Slash","Cloak And Dagger","Bouncing Flask","Footwork","Finesse","Sadistic Nature"],"potions":["Weak Potion","Explosive Potion","BlessingOfTheForge"]},{"floor":54,"relics":["Anchor","Bag of Preparation","HandDrill"],"cards":["Glass Knife","Flying Knee","Dodge and Roll","Deadly Poison","Well Laid Plans","Enlightenment","Metamorphosis"],"potions":["EssenceOfSteel","FearPotion"]}],"circlet_count":0,"master_deck":["AscendersBane","Defend_G","Defend_G","Defend_G","Defend_G","Survivor","Neutralize","Flechettes+1","Blur","Leg Sweep","Poisoned Stab+1","PiercingWail","Leg Sweep","Corpse Explosion+1","Catalyst+1","Catalyst+1","Tools of the Trade","Venomology","Prepared","Corpse Explosion","RitualDagger+1","Deflect","Dodge and Roll","Leg Sweep","Bullet Time","Ghostly+1","Ghostly+1","Ghostly","Wraith Form v2+1","Dark Shackles","Bandage Up","Adrenaline","Noxious Fumes+1"],"potion_use_per_floor":[[],[],[],[],[],[],["SteroidPotion"],[],[],[],[],[],[],[],[],["BlessingOfTheForge"],[],["PowerPotion"],[],[],[],[],["PowerPotion"],[],[],[],["Regen Potion"],[],["FearPotion"],[],[],[],[],[],[],["SteroidPotion"],[],[],[],[],[],[],[],["Fruit Juice"],[],[],[],[],[],["SkillPotion"],["BlessingOfTheForge"],[],[],[],[],["Poison Potion","Energy Potion","EntropicBrew","CultistPotion","Swift Potion","DistilledChaos"],[]],"relics":["Ring of the Snake","Vajra","Unceasing Top","Ninja Scroll","Boot","Runic Pyramid","Potion Belt","Omamori","Sundial","Juzu Bracelet","Coffee Dripper","Du-Vu Doll","Strawberry","Orrery","Dream Catcher","Centennial Puzzle"],"potions_floor_usage":[7,16,18,23,27,29,36,44,50,51,56,56,56,56,56,56],"damage_taken":[{"damage":0,"enemies":"2 Louse","floor":1,"turns":5},{"damage":0,"enemies":"Jaw Worm","floor":2,"turns":4},{"damage":0,"enemies":"Cultist","floor":5,"turns":4},{"damage":1,"enemies":"Gremlin Nob","floor":7,"turns":3},{"damage":1,"enemies":"Large Slime","floor":8,"turns":8},{"damage":0,"enemies":"3 Louse","floor":12,"turns":1},{"damage":15,"enemies":"Lagavulin","floor":14,"turns":6},{"damage":0,"enemies":"The Guardian","floor":16,"turns":8},{"damage":0,"enemies":"Chosen","floor":18,"turns":3},{"damage":15,"enemies":"Book of Stabbing","floor":23,"turns":7},{"damage":0,"enemies":"Spheric Guardian","floor":25,"turns":4},{"damage":0,"enemies":"Centurion and Healer","floor":27,"turns":9},{"damage":0,"enemies":"Slavers","floor":29,"turns":1},{"damage":0,"enemies":"3 Cultists","floor":31,"turns":3},{"damage":0,"enemies":"Champ","floor":33,"turns":10},{"damage":0,"enemies":"3 Shapes","floor":35,"turns":9},{"damage":0,"enemies":"2 Orb Walkers","floor":36,"turns":2},{"damage":0,"enemies":"3 Darklings","floor":39,"turns":4},{"damage":1,"enemies":"4 Shapes","floor":44,"turns":5},{"damage":0,"enemies":"Nemesis","floor":48,"turns":7},{"damage":18,"enemies":"Awakened One","floor":50,"turns":15},{"damage":7,"enemies":"Time Eater","floor":51,"turns":8},{"damage":0,"enemies":"Shield and Spear","floor":55,"turns":8},{"damage":19,"enemies":"The Heart","floor":56,"turns":8}],"seed_played":"813825030933933238","neow_bonus_log":{"cardsObtained":["Flechettes","Blur"],"cardsUpgraded":[],"cardsRemoved":[],"cardsTransformed":["Strike_G","Defend_G"],"relicsObtained":[],"maxHpGained":0,"goldGained":0,"damageTaken":0,"goldLost":0,"maxHpLost":6},"potions_obtained":[{"floor":2,"key":"SteroidPotion"},{"floor":8,"key":"BlessingOfTheForge"},{"floor":14,"key":"PowerPotion"},{"floor":16,"key":"CunningPotion"},{"floor":18,"key":"PowerPotion"},{"floor":25,"key":"Energy Potion"},{"floor":38,"key":"SmokeBomb"},{"floor":39,"key":"Fruit Juice"},{"floor":48,"key":"SkillPotion"}],"is_trial":false,"path_per_floor":["M","M","?","?","M","R","E","M","T","R","$","M","R","E","R","B",null,"M","?","?","T","?","E","R","M","T","M","?","E","?","M","R","B",null,"M","?","?","?","M","R","$","R","T","M","$","?","$","E","R","B","B",null,"R","$","E","B",null],"character_chosen":"THE_SILENT","items_purchased":["Corpse Explosion","Catalyst","Strawberry","Orrery","Poison Potion"],"campfire_rested":0,"item_purchase_floors":[11,11,41,47,54],"current_hp_per_floor":[59,59,33,33,33,33,32,31,31,31,31,31,31,16,16,16,49,49,49,49,49,43,28,28,28,28,43,43,43,30,30,30,30,30,30,30,28,28,28,28,35,35,35,39,39,29,29,33,33,19,18,35,35,35,39,24],"gold":36,"neow_bonus":"TRANSFORM_TWO_CARDS","is_prod":false,"is_daily":false,"rewards_skipped":[{"floor":35,"relics":[],"potions":["AttackPotion"]},{"floor":38,"relics":[],"potions":["LiquidBronze"]},{"floor":44,"relics":[],"potions":["AttackPotion"]}],"chose_seed":false,"campfire_upgraded":9,"win_rate":0,"floor_exit_playtime":[716,914,995,999,1076,1083,1207,1441,1475,1495,1962,2001,2023,2695,2778,3439,3541,3743,3754,3783,3789,3833,4358,4376,4595,4679,4905,5062,5122,5132,5222,5238,5583,5661,5874,6056,6071,6112,6269,6277,6556,6565,6570,6754,6816,6917,7086,7262,7266,8033,8490,8504,8524,8535,8866,9357],"timestamp":1657472060,"blue_key_relic_skipped_log":{"floor":43,"relicID":"MawBank"},"path_taken":["M","M","?","?","?","R","E","M","T","R","$","?","R","E","R","BOSS","M","?","?","?","?","E","R","M","T","M","?","E","?","M","R","BOSS","M","?","?","?","M","R","$","R","T","M","$","?","$","E","R","BOSS","BOSS","R","$","E","BOSS"],"build_version":"2022-03-07","purchased_purges":1,"victory":true,"max_hp_per_floor":[60,60,60,60,60,60,60,60,60,60,60,60,60,60,60,60,60,60,60,60,60,60,60,60,60,60,60,60,60,30,30,30,30,30,30,30,28,28,28,28,35,35,35,40,40,40,40,40,40,40,40,40,40,40,40,40],"relic_stats":{"Dream Catcher":0,"Centennial Puzzle":[3],"counters":[24,142],"Sundial":[6],"Omamori":0,"Juzu Bracelet":1,"Boot":[14],"obtain_stats":[{"Potion Belt":21,"Vajra":3,"Omamori":23,"Juzu Bracelet":29,"Boot":14,"Du-Vu Doll":36,"Dream Catcher":48,"Centennial Puzzle":55,"Ninja Scroll":9,"Sundial":26,"Strawberry":41,"Orrery":47,"Coffee Dripper":34,"Unceasing Top":7,"Ring of the Snake":0,"Runic Pyramid":17},{"Potion Belt":9,"Vajra":2,"Omamori":10,"Juzu Bracelet":13,"Boot":7,"Du-Vu Doll":17,"Dream Catcher":20,"Centennial Puzzle":23,"Ninja Scroll":5,"Sundial":11,"Strawberry":18,"Orrery":19,"Coffee Dripper":15,"Unceasing Top":4,"Ring of the Snake":0,"Runic Pyramid":8},{"Potion Belt":42,"Vajra":9,"Omamori":49,"Juzu Bracelet":63,"Boot":31,"Du-Vu Doll":87,"Dream Catcher":103,"Centennial Puzzle":134,"Ninja Scroll":24,"Sundial":53,"Strawberry":91,"Orrery":96,"Coffee Dripper":76,"Unceasing Top":16,"Ring of the Snake":0,"Runic Pyramid":39}],"Unceasing Top":[1],"Ring of the Snake":[48]},"card_choices":[{"not_picked":["Deflect","Footwork"],"picked":"Leg Sweep","floor":1},{"not_picked":["Dodge and Roll","Deflect","PiercingWail"],"picked":"SKIP","floor":2},{"not_picked":["Calculated Gamble","Slice"],"picked":"Poisoned Stab","floor":5},{"not_picked":["Skewer","Dagger Spray"],"picked":"PiercingWail","floor":7},{"not_picked":["Deflect","Slice"],"picked":"Leg Sweep","floor":8},{"not_picked":["Caltrops","Eviscerate"],"picked":"Catalyst","floor":12},{"not_picked":["Flying Knee","Leg Sweep"],"picked":"Tools of the Trade","floor":14},{"not_picked":["Bullet Time","After Image"],"picked":"Venomology","floor":16},{"not_picked":["Reflex","Finisher"],"picked":"Prepared","floor":18},{"not_picked":["Catalyst","Blade Dance","Finisher"],"picked":"SKIP","floor":23},{"not_picked":["Predator+1","Sucker Punch"],"picked":"Deflect","floor":25},{"not_picked":["Caltrops+1","Poisoned Stab","Heel Hook"],"picked":"SKIP","floor":27},{"not_picked":["Catalyst","Eviscerate"],"picked":"Bullet Time","floor":29},{"not_picked":["Flying Knee","Prepared","Dagger Spray"],"picked":"SKIP","floor":31},{"not_picked":["Grand Finale","Burst"],"picked":"Wraith Form v2","floor":33},{"not_picked":["Expertise","Underhanded Strike+1","Masterful Stab"],"picked":"SKIP","floor":35},{"not_picked":["Prepared","Leg Sweep","Eviscerate"],"picked":"SKIP","floor":39},{"not_picked":["Slice","Riddle With Holes","Underhanded Strike+1"],"picked":"SKIP","floor":44},{"not_picked":["Mind Blast","Discovery"],"picked":"Dark Shackles","floor":46},{"not_picked":["Metamorphosis","Mind Blast"],"picked":"Bandage Up","floor":46},{"not_picked":["Accuracy","Deadly Poison"],"picked":"Adrenaline","floor":47},{"not_picked":["Setup","Dagger Spray+1"],"picked":"Noxious Fumes+1","floor":47},{"not_picked":["Dagger Spray","Masterful Stab+1","Dodge and Roll"],"picked":"SKIP","floor":47},{"not_picked":["Deadly Poison","Deflect","Sucker Punch"],"picked":"SKIP","floor":47},{"not_picked":["Deadly Poison","Footwork","Underhanded Strike"],"picked":"SKIP","floor":47},{"not_picked":["Blade Dance","Dash","Caltrops+1"],"picked":"SKIP","floor":48},{"not_picked":["Blade Dance","Dash","Caltrops+1"],"picked":"SKIP","floor":48},{"not_picked":["Sucker Punch","Cloak And Dagger+1","Deadly Poison+1"],"picked":"SKIP","floor":55}],"player_experience":13015692,"relics_obtained":[{"floor":7,"key":"Unceasing Top"},{"floor":9,"key":"Ninja Scroll"},{"floor":14,"key":"Boot"},{"floor":21,"key":"Potion Belt"},{"floor":23,"key":"Omamori"},{"floor":26,"key":"Sundial"},{"floor":29,"key":"Juzu Bracelet"},{"floor":36,"key":"Du-Vu Doll"},{"floor":48,"key":"Dream Catcher"},{"floor":55,"key":"Centennial Puzzle"}],"event_choices":[{"damage_healed":0,"gold_gain":0,"player_choice":"Success","damage_taken":26,"relics_obtained":["Vajra"],"max_hp_gain":0,"max_hp_loss":0,"event_name":"Scrap Ooze","floor":3,"gold_loss":0},{"damage_healed":0,"gold_gain":50,"player_choice":"Pray","damage_taken":0,"max_hp_gain":0,"max_hp_loss":0,"event_name":"Golden Shrine","floor":4,"gold_loss":0},{"damage_healed":0,"gold_gain":0,"player_choice":"Ignored","damage_taken":0,"max_hp_gain":0,"max_hp_loss":0,"event_name":"Cursed Tome","floor":19,"gold_loss":0},{"damage_healed":0,"gold_gain":0,"cards_transformed":["Strike_G","Strike_G"],"player_choice":"Transformed Cards","damage_taken":0,"max_hp_gain":0,"max_hp_loss":0,"event_name":"Designer","floor":20,"gold_loss":75,"cards_obtained":["Corpse Explosion","A Thousand Cuts"]},{"damage_healed":0,"gold_gain":0,"player_choice":"Joined the Cult","damage_taken":6,"max_hp_gain":0,"max_hp_loss":0,"event_name":"Nest","floor":22,"gold_loss":0,"cards_obtained":["RitualDagger"]},{"damage_healed":0,"gold_gain":0,"cards_transformed":["Strike_G","A Thousand Cuts"],"player_choice":"Became Test Subject","damage_taken":0,"max_hp_gain":0,"max_hp_loss":0,"event_name":"Drug Dealer","floor":28,"gold_loss":0,"cards_obtained":["Dodge and Roll","Leg Sweep"]},{"damage_healed":0,"gold_gain":0,"player_choice":"Became a Ghost","damage_taken":0,"max_hp_gain":0,"max_hp_loss":30,"event_name":"Ghosts","floor":30,"gold_loss":0,"cards_obtained":["Ghostly","Ghostly","Ghostly"]},{"damage_healed":0,"gold_gain":0,"player_choice":"Fight","damage_taken":0,"max_hp_gain":0,"max_hp_loss":0,"event_name":"Mysterious Sphere","floor":36,"gold_loss":0},{"damage_healed":0,"gold_gain":0,"player_choice":"Max HP","damage_taken":0,"max_hp_gain":0,"max_hp_loss":2,"event_name":"Winding Halls","floor":37,"gold_loss":0},{"damage_healed":0,"gold_gain":0,"player_choice":"Got Potions","damage_taken":0,"max_hp_gain":0,"max_hp_loss":0,"event_name":"Lab","floor":38,"gold_loss":0},{"damage_healed":0,"gold_gain":0,"player_choice":"Memory 3","damage_taken":10,"max_hp_gain":0,"max_hp_loss":0,"event_name":"SensoryStone","floor":46,"gold_loss":0}],"is_beta":false,"boss_relics":[{"not_picked":["Cursed Key","Ring of the Serpent"],"picked":"Runic Pyramid"},{"not_picked":["SacredBark","Runic Dome"],"picked":"Coffee Dripper"}],"items_purged_floors":[41],"is_endless":false,"potions_floor_spawned":[2,8,14,16,18,25,35,39,44,48],"ascension_level":20,"potion_discard_per_floor":[[],[],[],[],[],[],[],[],[],[],[],[],[],[],[],[],[],["SneckoOil"],[],[],[],[],[],[],[],[],[],[],[],[],[],[],[],[],[],[],[],[],["SmokeBomb","Explosive Potion"],[],[],[],[],[],[],[],[],["CunningPotion","SkillPotion"],[],[],[],[],[],["SteroidPotion"],[],["Block Potion","ColorlessPotion"],[]]}