{"gold_per_floor":[415,95,95,107,122,122,152,152,152,186,151,181,194,194,194,272,272,287,304,315,3,3,3,38,38,86,102,121,153,168,202,202,280,280,293,310,23,33,45,71,71,97,148,148,196,209,238,238,238,238,238,238,238,51,81,81],"floor_reached":57,"playtime":5681,"items_purged":["Strike_R","Strike_R"],"score":3040,"play_id":"552571f4-a742-4e79-8f1a-94bff813f3af","local_time":"20220105135804","is_ascension_mode":true,"campfire_choices":[{"data":"Combust","floor":6,"key":"SMITH"},{"floor":8,"key":"REST"},{"data":"Shrug It Off","floor":15,"key":"SMITH"},{"data":"Immolate","floor":23,"key":"SMITH"},{"floor":25,"key":"REST"},{"data":"Juggernaut","floor":32,"key":"SMITH"},{"data":"Corruption","floor":41,"key":"SMITH"},{"floor":44,"key":"RECALL"},{"data":"Brutality","floor":49,"key":"SMITH"},{"data":"Feel No Pain","floor":53,"key":"SMITH"}],"neow_cost":"PERCENT_DAMAGE","seed_source_timestamp":1209068273244200,"circlet_count":0,"master_deck":["AscendersBane","Defend_R","Defend_R","Defend_R","Defend_R","Bash","Combust+1","Power Through","Warcry","Shrug It Off+1","Seeing Red","Infernal Blade","Metallicize","Feel No Pain","Brutality+1","CurseOfTheBell","Pommel Strike","Blood for Blood","Juggernaut+1","Pommel Strike+1","True Grit","Sentinel","Immolate+1","Corruption+1","Warcry+1","Rupture+1","Fiend Fire","Power Through+1","Twin Strike+1","Juggernaut+1","Dark Embrace+1","Shrug It Off","Feel No Pain+1","Acrobatics+1","Leg Sweep","Calculated Gamble","Coolheaded","Blade Dance","Apotheosis","Second Wind","Backflip+1"],"relics":["Burning Blood","Old Coin","Lee\u0027s Waffle","Charon\u0027s Ashes","Boot","CaptainsWheel","Anchor","Mummified Hand","Calling Bell","Art of War","Pear","Pocketwatch","Orrery","Darkstone Periapt","Bag of Marbles","Paper Frog","Blood Vial","Astrolabe","PrismaticShard","Bag of Preparation","Question Card","Lizard Tail","Juzu Bracelet","Centennial Puzzle"],"potions_floor_usage":[7,7,16,20,24,24,33,45,56,56],"damage_taken":[{"damage":1,"enemies":"2 Louse","floor":1,"turns":4},{"damage":13,"enemies":"Small Slimes","floor":4,"turns":3},{"damage":1,"enemies":"Cultist","floor":5,"turns":3},{"damage":48,"enemies":"Lagavulin","floor":7,"turns":10},{"damage":18,"enemies":"Gremlin Nob","floor":10,"turns":4},{"damage":7,"enemies":"Lagavulin","floor":12,"turns":6},{"damage":1,"enemies":"Gremlin Gang","floor":13,"turns":2},{"damage":23,"enemies":"Slime Boss","floor":16,"turns":10},{"damage":7,"enemies":"Chosen","floor":18,"turns":5},{"damage":26,"enemies":"Shell Parasite","floor":19,"turns":11},{"damage":9,"enemies":"Centurion and Healer","floor":20,"turns":6},{"damage":9,"enemies":"Gremlin Leader","floor":24,"turns":5},{"damage":2,"enemies":"3 Cultists","floor":27,"turns":3},{"damage":21,"enemies":"Shelled Parasite and Fungi","floor":28,"turns":2},{"damage":11,"enemies":"Book of Stabbing","floor":29,"turns":4},{"damage":2,"enemies":"Snecko","floor":30,"turns":3},{"damage":3,"enemies":"Gremlin Leader","floor":31,"turns":6},{"damage":20,"enemies":"Collector","floor":33,"turns":4},{"damage":1,"enemies":"3 Darklings","floor":35,"turns":2},{"damage":0,"enemies":"Orb Walker","floor":36,"turns":2},{"damage":0,"enemies":"Spire Growth","floor":38,"turns":3},{"damage":0,"enemies":"Maw","floor":39,"turns":4},{"damage":0,"enemies":"Giant Head","floor":40,"turns":4},{"damage":1,"enemies":"Reptomancer","floor":42,"turns":4},{"damage":0,"enemies":"2 Orb Walkers","floor":45,"turns":2},{"damage":14,"enemies":"3 Darklings","floor":46,"turns":3},{"damage":4,"enemies":"Nemesis","floor":47,"turns":3},{"damage":12,"enemies":"Time Eater","floor":50,"turns":5},{"damage":12,"enemies":"Donu and Deca","floor":51,"turns":4},{"damage":4,"enemies":"Shield and Spear","floor":55,"turns":3},{"damage":8,"enemies":"The Heart","floor":56,"turns":5}],"seed_played":"6980610575224889168","potions_obtained":[{"floor":1,"key":"SteroidPotion"},{"floor":4,"key":"Energy Potion"},{"floor":12,"key":"Weak Potion"},{"floor":14,"key":"Energy Potion"},{"floor":19,"key":"SpeedPotion"},{"floor":28,"key":"DistilledChaos"},{"floor":30,"key":"Block Potion"},{"floor":35,"key":"Swift Potion"},{"floor":46,"key":"DistilledChaos"},{"floor":55,"key":"LiquidMemories"}],"is_trial":false,"path_per_floor":["M","$","?","M","M","R","E","R","T","E","?","E","M","?","R","B",null,"M","M","M","$","?","R","E","R","T","M","M","E","M","E","R","B",null,"M","M","$","M","M","E","R","E","T","R","?","M","E","?","R","B","B",null,"R","$","E","B",null],"character_chosen":"IRONCLAD","items_purchased":["Lee\u0027s Waffle","Power Through","Orrery","Immolate","SkillPotion","Shrug It Off","Feel No Pain","PrismaticShard","Second Wind"],"campfire_rested":2,"item_purchase_floors":[2,2,21,21,21,37,37,37,54],"current_hp_per_floor":[55,82,64,57,62,62,20,44,44,32,52,51,56,56,56,39,81,80,60,57,57,51,51,48,75,75,79,64,59,63,66,66,54,83,90,92,92,92,92,92,92,92,92,92,92,84,88,88,88,84,80,89,89,89,92,90],"gold":81,"neow_bonus":"ONE_RARE_RELIC","is_prod":false,"is_daily":false,"chose_seed":false,"campfire_upgraded":7,"win_rate":0,"timestamp":1641409084,"path_taken":["M","$","?","M","M","R","E","R","T","E","?","E","M","?","R","BOSS","M","M","M","$","?","R","E","R","T","M","M","E","M","E","R","BOSS","M","M","$","?","M","E","R","E","T","R","?","M","E","?","R","BOSS","BOSS","R","$","E","BOSS"],"build_version":"2020-12-22","purchased_purges":2,"victory":true,"max_hp_per_floor":[75,82,82,82,82,82,82,82,82,82,82,82,82,82,82,82,92,92,92,92,92,92,92,92,92,92,92,92,92,92,92,92,92,92,92,92,92,92,92,92,92,92,92,92,92,92,92,92,92,92,92,92,92,92,92,92],"relic_stats":{"Darkstone Periapt":0,"Lee\u0027s Waffle":27,"counters":[31,135],"Astrolabe":["Power Through","Twin Strike","Juggernaut"],"Charon\u0027s Ashes":[1069],"Bag of Preparation":[16],"Juzu Bracelet":0,"Boot":[40],"Question Card":4,"Burning Blood":150,"Blood Vial":14,"Lizard Tail":0,"Centennial Puzzle":[1],"Mummified Hand":[174],"Art of War":[17],"obtain_stats":[{"Darkstone Periapt":24,"Lee\u0027s Waffle":2,"Pear":17,"Astrolabe":34,"Charon\u0027s Ashes":3,"Bag of Preparation":40,"Juzu Bracelet":47,"Boot":7,"PrismaticShard":37,"Question Card":42,"Burning Blood":0,"Old Coin":0,"Calling Bell":17,"Blood Vial":31,"CaptainsWheel":9,"Anchor":10,"Lizard Tail":45,"Centennial Puzzle":55,"Mummified Hand":12,"Orrery":21,"Art of War":17,"Bag of Marbles":26,"Pocketwatch":17,"Paper Frog":29},{"Darkstone Periapt":12,"Lee\u0027s Waffle":1,"Pear":8,"Astrolabe":18,"Charon\u0027s Ashes":1,"Bag of Preparation":23,"Juzu Bracelet":27,"Boot":4,"PrismaticShard":20,"Question Card":24,"Burning Blood":0,"Old Coin":0,"Calling Bell":8,"Blood Vial":17,"CaptainsWheel":4,"Anchor":5,"Lizard Tail":25,"Centennial Puzzle":30,"Mummified Hand":6,"Orrery":11,"Art of War":8,"Bag of Marbles":12,"Pocketwatch":8,"Paper Frog":15},{"Darkstone Periapt":69,"Lee\u0027s Waffle":4,"Pear":42,"Astrolabe":91,"Charon\u0027s Ashes":4,"Bag of Preparation":106,"Juzu Bracelet":118,"Boot":20,"PrismaticShard":95,"Question Card":110,"Burning Blood":0,"Old Coin":0,"Calling Bell":42,"Blood Vial":87,"CaptainsWheel":20,"Anchor":24,"Lizard Tail":112,"Centennial Puzzle":130,"Mummified Hand":30,"Orrery":64,"Art of War":42,"Bag of Marbles":69,"Pocketwatch":42,"Paper Frog":78}],"Pocketwatch":[123]},"card_choices":[{"not_picked":["Reckless Charge","Body Slam"],"picked":"Combust","floor":1},{"not_picked":["Sword Boomerang","Thunderclap"],"picked":"Warcry","floor":4},{"not_picked":["Flex","Clash"],"picked":"Shrug It Off","floor":5},{"not_picked":["Juggernaut","Heavy Blade"],"picked":"Seeing Red","floor":7},{"not_picked":["Shrug It Off","Heavy Blade"],"picked":"Infernal Blade","floor":10},{"not_picked":["Cleave","Armaments"],"picked":"Metallicize","floor":12},{"not_picked":["Pommel Strike","Body Slam"],"picked":"Feel No Pain","floor":13},{"not_picked":["Demon Form","Limit Break"],"picked":"Brutality","floor":16},{"not_picked":["Flex","Wild Strike"],"picked":"Pommel Strike","floor":18},{"not_picked":["Ghostly Armor","Anger"],"picked":"Blood for Blood","floor":19},{"not_picked":["Power Through","Perfected Strike+1","Spot Weakness"],"picked":"SKIP","floor":20},{"not_picked":["Headbutt","Thunderclap"],"picked":"Juggernaut","floor":21},{"not_picked":["Clash","Havoc"],"picked":"Pommel Strike+1","floor":21},{"not_picked":["Wild Strike","Intimidate"],"picked":"True Grit","floor":21},{"not_picked":["True Grit","Twin Strike"],"picked":"Sentinel","floor":21},{"not_picked":["Carnage","Shockwave"],"picked":"Corruption","floor":24},{"not_picked":["True Grit","Anger","Perfected Strike"],"picked":"SKIP","floor":27},{"not_picked":["Cleave","Perfected Strike+1"],"picked":"Warcry+1","floor":28},{"not_picked":["Heavy Blade","Anger","Berserk"],"picked":"SKIP","floor":29},{"not_picked":["Sword Boomerang","Battle Trance"],"picked":"Rupture+1","floor":30},{"not_picked":["Sword Boomerang","Carnage","Anger"],"picked":"SKIP","floor":31},{"not_picked":["Offering","Impervious"],"picked":"Fiend Fire","floor":33},{"not_picked":["Clothesline","Iron Wave+1","Heavy Blade"],"picked":"SKIP","floor":35},{"not_picked":["Inflame","Combust"],"picked":"Dark Embrace+1","floor":36},{"not_picked":["CrushJoints","Catalyst+1"],"picked":"Acrobatics+1","floor":38},{"not_picked":["Tantrum","All Out Attack","Adaptation"],"picked":"SKIP","floor":39},{"not_picked":["Protect","Leap"],"picked":"Leg Sweep","floor":40},{"not_picked":["Escape Plan","Storm"],"picked":"Calculated Gamble","floor":42},{"not_picked":["Perfected Strike","CutThroughFate","Accuracy"],"picked":"Coolheaded","floor":45},{"not_picked":["Turbo","Evolve+1","Havoc+1"],"picked":"Blade Dance","floor":46},{"not_picked":["Carnage","Capacitor","Uppercut"],"picked":"Apotheosis","floor":47},{"not_picked":["Electrodynamics","Halt","Uppercut"],"picked":"Backflip+1","floor":55}],"player_experience":5830205,"relics_obtained":[{"floor":7,"key":"Boot"},{"floor":9,"key":"CaptainsWheel"},{"floor":10,"key":"Anchor"},{"floor":12,"key":"Mummified Hand"},{"floor":17,"key":"Art of War"},{"floor":17,"key":"Pear"},{"floor":17,"key":"Pocketwatch"},{"floor":24,"key":"Darkstone Periapt"},{"floor":26,"key":"Bag of Marbles"},{"floor":29,"key":"Paper Frog"},{"floor":31,"key":"Blood Vial"},{"floor":40,"key":"Bag of Preparation"},{"floor":42,"key":"Question Card"},{"floor":45,"key":"Lizard Tail"},{"floor":47,"key":"Juzu Bracelet"},{"floor":55,"key":"Centennial Puzzle"}],"event_choices":[{"damage_healed":0,"gold_gain":0,"player_choice":"Success","damage_taken":18,"relics_obtained":["Charon\u0027s Ashes"],"max_hp_gain":0,"max_hp_loss":0,"event_name":"Scrap Ooze","floor":3,"gold_loss":0},{"damage_healed":20,"gold_gain":0,"player_choice":"Healed","damage_taken":0,"max_hp_gain":0,"max_hp_loss":0,"event_name":"The Cleric","floor":11,"gold_loss":35},{"damage_healed":0,"gold_gain":0,"player_choice":"Got Potions","damage_taken":0,"max_hp_gain":0,"max_hp_loss":0,"event_name":"Lab","floor":14,"gold_loss":0},{"damage_healed":0,"gold_gain":0,"player_choice":"","damage_taken":6,"max_hp_gain":0,"max_hp_loss":0,"event_name":"Knowing Skull","floor":22,"potions_obtained":[],"gold_loss":0,"cards_obtained":[]},{"damage_healed":0,"gold_gain":0,"player_choice":"Fight","damage_taken":0,"max_hp_gain":0,"max_hp_loss":0,"event_name":"Mysterious Sphere","floor":45,"gold_loss":0},{"damage_healed":0,"gold_gain":0,"player_choice":"Ignored","damage_taken":0,"max_hp_gain":0,"max_hp_loss":0,"event_name":"Tomb of Lord Red Mask","floor":48,"gold_loss":0}],"is_beta":false,"boss_relics":[{"not_picked":["Busted Crown","Ectoplasm"],"picked":"Calling Bell"},{"not_picked":["Velvet Choker","SacredBark"],"picked":"Astrolabe"}],"items_purged_floors":[2,54],"is_endless":false,"potions_floor_spawned":[1,4,5,12,19,28,30,35,38,46,47,55],"ascension_level":20}