{"gold_per_floor":[112,122,142,142,155,155,186,186,212,212,226,226,252,277,277,354,354,366,366,382,398,398,428,428,459,459,470,500,318,318,42,42,117,117,132,150,150,170,180,214,229,259,259,289,309,120,132,477,477,477,477,477,477,69,96,96],"floor_reached":57,"playtime":4605,"items_purged":["Strike_R","Strike_R","Strike_R","Cleave+1"],"score":3299,"play_id":"4a2e745d-fefe-4131-8893-56e994760056","local_time":"20220118185945","is_ascension_mode":true,"campfire_choices":[{"data":"Havoc","floor":6,"key":"SMITH"},{"data":"True Grit","floor":8,"key":"SMITH"},{"data":"Pommel Strike","floor":15,"key":"SMITH"},{"data":"Corruption","floor":24,"key":"SMITH"},{"data":"Dark Embrace","floor":30,"key":"SMITH"},{"data":"Body Slam","floor":32,"key":"SMITH"},{"floor":49,"key":"RECALL"},{"data":"Feel No Pain","floor":53,"key":"SMITH"}],"neow_cost":"TEN_PERCENT_HP_LOSS","seed_source_timestamp":887282748486000,"circlet_count":0,"master_deck":["AscendersBane","Defend_R","Defend_R+1","Defend_R","Defend_R","Bash+1","Pommel Strike+1","True Grit+1","Second Wind","Havoc+1","Feel No Pain","Reckless Charge","Immolate","Shrug It Off","Corruption+1","Dark Embrace+1","Discovery","Body Slam+1","Second Wind","Fiend Fire","Feed","Power Through","Seeing Red","Shockwave+1","Armaments+1","Feel No Pain+1","Fiend Fire","Dark Shackles","Shrug It Off","Fiend Fire"],"relics":["Burning Blood","Dead Branch","Toy Ornithopter","MealTicket","Bag of Preparation","Odd Mushroom","SlaversCollar","HornCleat","Oddly Smooth Stone","Question Card","Juzu Bracelet","Membership Card","Busted Crown","Pen Nib","Red Skull","PreservedInsect","Brimstone","Old Coin","ClockworkSouvenir","Bronze Scales","Nunchaku"],"potions_floor_usage":[5,7,18,20,21,36,40,55],"damage_taken":[{"damage":15,"enemies":"Small Slimes","floor":1,"turns":3},{"damage":5,"enemies":"2 Louse","floor":2,"turns":3},{"damage":1,"enemies":"Cultist","floor":3,"turns":4},{"damage":12,"enemies":"Large Slime","floor":5,"turns":9},{"damage":8,"enemies":"Gremlin Nob","floor":7,"turns":3},{"damage":4,"enemies":"Red Slaver","floor":11,"turns":3},{"damage":6,"enemies":"Lagavulin","floor":13,"turns":5},{"damage":4,"enemies":"The Mushroom Lair","floor":14,"turns":4},{"damage":32,"enemies":"Hexaghost","floor":16,"turns":8},{"damage":9,"enemies":"2 Thieves","floor":18,"turns":4},{"damage":6,"enemies":"Shell Parasite","floor":20,"turns":5},{"damage":0,"enemies":"Centurion and Healer","floor":21,"turns":8},{"damage":6,"enemies":"Book of Stabbing","floor":23,"turns":4},{"damage":1,"enemies":"Gremlin Leader","floor":25,"turns":5},{"damage":10,"enemies":"Chosen and Byrds","floor":27,"turns":5},{"damage":3,"enemies":"Book of Stabbing","floor":28,"turns":5},{"damage":38,"enemies":"Champ","floor":33,"turns":8},{"damage":0,"enemies":"3 Shapes","floor":35,"turns":4},{"damage":2,"enemies":"Orb Walker","floor":36,"turns":3},{"damage":0,"enemies":"Writhing Mass","floor":38,"turns":3},{"damage":6,"enemies":"Transient","floor":39,"turns":6},{"damage":0,"enemies":"Nemesis","floor":40,"turns":5},{"damage":4,"enemies":"4 Shapes","floor":41,"turns":5},{"damage":2,"enemies":"Reptomancer","floor":42,"turns":3},{"damage":0,"enemies":"Nemesis","floor":44,"turns":1},{"damage":0,"enemies":"Spire Growth","floor":45,"turns":3},{"damage":3,"enemies":"Transient","floor":47,"turns":5},{"damage":0,"enemies":"2 Orb Walkers","floor":48,"turns":4},{"damage":17,"enemies":"Awakened One","floor":50,"turns":5},{"damage":0,"enemies":"Donu and Deca","floor":51,"turns":6},{"damage":3,"enemies":"Shield and Spear","floor":55,"turns":3},{"damage":4,"enemies":"The Heart","floor":56,"turns":5}],"seed_played":"-2275708455003652553","potions_obtained":[{"floor":2,"key":"EssenceOfSteel"},{"floor":3,"key":"SpeedPotion"},{"floor":5,"key":"Strength Potion"},{"floor":13,"key":"FearPotion"},{"floor":18,"key":"SteroidPotion"},{"floor":20,"key":"HeartOfIron"},{"floor":21,"key":"SmokeBomb"},{"floor":28,"key":"BlessingOfTheForge"},{"floor":35,"key":"Fruit Juice"},{"floor":36,"key":"Swift Potion"},{"floor":41,"key":"Regen Potion"},{"floor":45,"key":"Swift Potion"},{"floor":55,"key":"AttackPotion"}],"is_trial":false,"path_per_floor":["M","M","M","?","M","R","E","R","T","?","M","?","E","?","R","B",null,"M","?","M","M","?","E","R","E","T","M","E","$","R","$","R","B",null,"M","M","?","M","M","E","M","E","T","E","M","$","M","?","R","B","B",null,"R","$","E","B",null],"character_chosen":"IRONCLAD","items_purchased":["Discovery","Membership Card","Body Slam","Second Wind","Brimstone","Feel No Pain","ClockworkSouvenir","Dark Shackles","Bronze Scales","Shrug It Off","Fiend Fire"],"campfire_rested":0,"item_purchase_floors":[29,31,31,31,46,46,54,54,54,54,54],"current_hp_per_floor":[59,60,65,65,59,59,57,57,57,62,64,42,42,44,44,18,59,61,40,45,56,56,56,56,61,61,57,60,75,75,78,78,46,70,76,83,83,83,87,87,90,93,93,93,97,97,97,100,100,92,102,106,106,107,111,111],"gold":96,"neow_bonus":"ONE_RARE_RELIC","is_prod":false,"is_daily":false,"chose_seed":false,"campfire_upgraded":7,"win_rate":0,"timestamp":1642550385,"path_taken":["M","M","M","?","M","R","E","R","T","?","M","?","E","?","R","BOSS","M","?","M","M","?","E","R","E","T","?","E","$","R","$","R","BOSS","M","M","?","M","M","E","M","E","T","E","M","$","M","?","R","BOSS","BOSS","R","$","E","BOSS"],"build_version":"2020-12-22","purchased_purges":4,"victory":true,"max_hp_per_floor":[68,68,68,68,68,68,68,68,68,73,73,73,73,73,73,73,73,73,78,78,78,78,78,78,78,78,78,78,78,78,78,78,78,78,78,83,83,83,87,87,90,93,93,93,97,97,97,100,100,103,107,107,107,107,111,111],"relic_stats":{"counters":[32,147],"Dead Branch":[637],"Pen Nib":[8],"PreservedInsect":77,"Bag of Preparation":[50],"Juzu Bracelet":1,"Question Card":15,"Burning Blood":146,"Nunchaku":[1],"Busted Crown":24,"Bronze Scales":[57],"MealTicket":19,"Membership Card":708,"obtain_stats":[{"Dead Branch":0,"Oddly Smooth Stone":25,"Pen Nib":40,"PreservedInsect":44,"Bag of Preparation":13,"Juzu Bracelet":28,"Odd Mushroom":14,"Question Card":26,"Burning Blood":0,"Old Coin":48,"ClockworkSouvenir":54,"SlaversCollar":17,"Nunchaku":55,"HornCleat":23,"Busted Crown":34,"Brimstone":46,"Bronze Scales":54,"MealTicket":9,"Membership Card":31,"Toy Ornithopter":7,"Red Skull":42},{"Dead Branch":0,"Oddly Smooth Stone":14,"Pen Nib":22,"PreservedInsect":25,"Bag of Preparation":7,"Juzu Bracelet":16,"Odd Mushroom":8,"Question Card":14,"Burning Blood":0,"Old Coin":28,"ClockworkSouvenir":30,"SlaversCollar":9,"Nunchaku":31,"HornCleat":13,"Busted Crown":17,"Brimstone":26,"Bronze Scales":30,"MealTicket":5,"Membership Card":16,"Toy Ornithopter":5,"Red Skull":24},{"Dead Branch":0,"Oddly Smooth Stone":68,"Pen Nib":107,"PreservedInsect":116,"Bag of Preparation":30,"Juzu Bracelet":78,"Odd Mushroom":34,"Question Card":68,"Burning Blood":0,"Old Coin":128,"ClockworkSouvenir":139,"SlaversCollar":42,"Nunchaku":142,"HornCleat":63,"Busted Crown":86,"Brimstone":119,"Bronze Scales":139,"MealTicket":22,"Membership Card":78,"Toy Ornithopter":22,"Red Skull":115}],"Toy Ornithopter":15},"card_choices":[{"not_picked":["Twin Strike","Perfected Strike"],"picked":"Pommel Strike","floor":1},{"not_picked":["Blood for Blood","Whirlwind"],"picked":"True Grit","floor":2},{"not_picked":["Twin Strike","Entrench"],"picked":"Second Wind","floor":3},{"not_picked":["Clothesline","Berserk"],"picked":"Havoc","floor":5},{"not_picked":["Twin Strike","Perfected Strike"],"picked":"Cleave","floor":7},{"not_picked":["Combust","Wild Strike","Rage"],"picked":"SKIP","floor":11},{"not_picked":["Combust","Wild Strike","Rage"],"picked":"SKIP","floor":11},{"not_picked":["Clothesline","Shrug It Off"],"picked":"Feel No Pain","floor":13},{"not_picked":["Twin Strike","Anger"],"picked":"Reckless Charge","floor":14},{"not_picked":["Juggernaut","Impervious"],"picked":"Immolate","floor":16},{"not_picked":["Perfected Strike","Sever Soul","Flex"],"picked":"SKIP","floor":18},{"not_picked":["Entrench","Sword Boomerang+1","Heavy Blade"],"picked":"SKIP","floor":20},{"not_picked":["Rupture","Thunderclap"],"picked":"Shrug It Off","floor":21},{"not_picked":["Thunderclap","Juggernaut"],"picked":"Corruption","floor":23},{"not_picked":["Infernal Blade","Armaments","Clash"],"picked":"SKIP","floor":25},{"not_picked":["Infernal Blade","Armaments","Clash"],"picked":"SKIP","floor":25},{"not_picked":["Armaments","Dropkick","Clash","Sword Boomerang"],"picked":"SKIP","floor":27},{"not_picked":["Iron Wave","Heavy Blade","Havoc"],"picked":"Dark Embrace","floor":28},{"not_picked":["Bludgeon","Immolate","Brutality"],"picked":"Fiend Fire","floor":33},{"not_picked":["Flex","Iron Wave"],"picked":"SKIP","floor":35},{"not_picked":["Warcry","Twin Strike"],"picked":"SKIP","floor":36},{"not_picked":["Reckless Charge+1"],"picked":"Power Through","floor":38},{"not_picked":["Headbutt"],"picked":"Seeing Red","floor":39},{"not_picked":["Pommel Strike+1","Wild Strike"],"picked":"SKIP","floor":40},{"not_picked":["Ghostly Armor+1"],"picked":"Shockwave+1","floor":41},{"not_picked":["Flex"],"picked":"Armaments+1","floor":42},{"not_picked":["Warcry","Metallicize"],"picked":"SKIP","floor":44},{"not_picked":["Rupture","Dark Embrace"],"picked":"SKIP","floor":45},{"not_picked":["Rupture"],"picked":"Fiend Fire","floor":47},{"not_picked":["Flex","Cleave"],"picked":"SKIP","floor":55}],"player_experience":5978802,"relics_obtained":[{"floor":7,"key":"Toy Ornithopter"},{"floor":9,"key":"MealTicket"},{"floor":13,"key":"Bag of Preparation"},{"floor":14,"key":"Odd Mushroom"},{"floor":23,"key":"HornCleat"},{"floor":25,"key":"Oddly Smooth Stone"},{"floor":26,"key":"Question Card"},{"floor":28,"key":"Juzu Bracelet"},{"floor":40,"key":"Pen Nib"},{"floor":42,"key":"Red Skull"},{"floor":44,"key":"PreservedInsect"},{"floor":48,"key":"Old Coin"},{"floor":55,"key":"Nunchaku"}],"event_choices":[{"damage_healed":0,"gold_gain":0,"player_choice":"Grow","damage_taken":0,"max_hp_gain":0,"max_hp_loss":0,"event_name":"Living Wall","floor":4,"gold_loss":0,"cards_upgraded":["Bash"]},{"damage_healed":0,"gold_gain":0,"player_choice":"Donut","damage_taken":0,"max_hp_gain":5,"max_hp_loss":0,"event_name":"Big Fish","floor":10,"gold_loss":0},{"damage_healed":0,"gold_gain":0,"player_choice":"Entered Light","damage_taken":22,"max_hp_gain":0,"max_hp_loss":0,"event_name":"Shining Light","floor":12,"gold_loss":0,"cards_upgraded":["Cleave","Defend_R"]},{"damage_healed":0,"gold_gain":0,"player_choice":"Fought Mushrooms","damage_taken":0,"max_hp_gain":0,"max_hp_loss":0,"event_name":"Mushrooms","floor":14,"gold_loss":0},{"damage_healed":0,"gold_gain":0,"player_choice":"Shed Blood","damage_taken":26,"max_hp_gain":5,"max_hp_loss":0,"event_name":"Forgotten Altar","floor":19,"gold_loss":0},{"cards_removed":["Strike_R"],"damage_healed":0,"gold_gain":0,"player_choice":"Offered Basic","damage_taken":0,"max_hp_gain":0,"max_hp_loss":0,"event_name":"Bonfire Elementals","floor":22,"gold_loss":0},{"damage_healed":0,"gold_gain":0,"cards_transformed":["Strike_R"],"player_choice":"Transformed","damage_taken":0,"max_hp_gain":0,"max_hp_loss":0,"event_name":"Transmorgrifier","floor":37,"gold_loss":0,"cards_obtained":["Feed"]},{"damage_healed":0,"gold_gain":0,"player_choice":"Fight","damage_taken":0,"max_hp_gain":0,"max_hp_loss":0,"event_name":"Mysterious Sphere","floor":48,"gold_loss":0}],"is_beta":false,"boss_relics":[{"not_picked":["Sozu","Runic Cube"],"picked":"SlaversCollar"},{"not_picked":["Calling Bell","Empty Cage"],"picked":"Busted Crown"}],"items_purged_floors":[29,31,46,54],"is_endless":false,"potions_floor_spawned":[2,3,5,13,18,20,21,28,33,35,36,41,44,45,47,55],"ascension_level":20}