{"gold_per_floor":[113,131,141,141,141,141,161,187,187,187,19,45,72,72,72,150,150,168,168,185,238,238,238,271,271,271,271,296,296,331,331,331,402,402,419,467,69,79,95,120,120,447,472,472,504,504,504,529,529,529,529,529,529,13,42,42],"floor_reached":57,"playtime":3985,"items_purged":["Defend_R"],"score":2996,"play_id":"3486ec09-257d-42d7-b676-10c59f5e05f1","local_time":"20220127173218","is_ascension_mode":true,"campfire_choices":[{"data":"Clothesline","floor":6,"key":"SMITH"},{"data":"Flame Barrier","floor":10,"key":"SMITH"},{"data":"Demon Form","floor":15,"key":"SMITH"},{"data":"Barricade","floor":23,"key":"SMITH"},{"data":"Body Slam","floor":32,"key":"SMITH"},{"floor":41,"key":"RECALL"},{"data":"Defend_R","floor":44,"key":"PURGE"},{"data":"Twin Strike","floor":49,"key":"PURGE"},{"data":"Anger+1","floor":53,"key":"PURGE"}],"neow_cost":"TEN_PERCENT_HP_LOSS","seed_source_timestamp":745870648891000,"circlet_count":0,"master_deck":["AscendersBane","Defend_R+1","Bash+1","True Grit+1","Flame Barrier+1","Clothesline+1","Reaper","Demon Form+1","Barricade+1","Anger+1","Impervious+1","Whirlwind+1","Seeing Red","Disarm+1","Bloodletting","Body Slam+1","Feel No Pain","Dark Embrace","Burning Pact","Intimidate+1","Feel No Pain","Evolve","Entrench","Battle Trance+1","Dark Embrace","Shockwave","Warcry","Seeing Red+1"],"relics":["Burning Blood","Calipers","Art of War","Bag of Marbles","Vajra","War Paint","Singing Bowl","Astrolabe","Happy Flower","MutagenicStrength","Juzu Bracelet","Anchor","Enchiridion","PreservedInsect","Peace Pipe","Fusion Hammer","Du-Vu Doll","Frozen Eye","Whetstone","Old Coin","Bird Faced Urn","Ginger","Bag of Preparation","Orrery","Ornamental Fan"],"potions_floor_usage":[13,24,33,36,39,42,42,56,56],"damage_taken":[{"damage":12,"enemies":"Small Slimes","floor":1,"turns":6},{"damage":4,"enemies":"Cultist","floor":2,"turns":4},{"damage":2,"enemies":"Jaw Worm","floor":3,"turns":5},{"damage":4,"enemies":"Looter","floor":7,"turns":4},{"damage":24,"enemies":"Gremlin Nob","floor":8,"turns":4},{"damage":15,"enemies":"Lagavulin","floor":13,"turns":8},{"damage":24,"enemies":"The Guardian","floor":16,"turns":11},{"damage":13,"enemies":"2 Thieves","floor":18,"turns":4},{"damage":5,"enemies":"Spheric Guardian","floor":20,"turns":5},{"damage":13,"enemies":"Book of Stabbing","floor":24,"turns":7},{"damage":21,"enemies":"Gremlin Leader","floor":28,"turns":7},{"damage":11,"enemies":"Book of Stabbing","floor":30,"turns":4},{"damage":8,"enemies":"Collector","floor":33,"turns":6},{"damage":0,"enemies":"Orb Walker","floor":35,"turns":2},{"damage":3,"enemies":"2 Orb Walkers","floor":36,"turns":5},{"damage":0,"enemies":"3 Darklings","floor":38,"turns":2},{"damage":4,"enemies":"Transient","floor":39,"turns":6},{"damage":3,"enemies":"Nemesis","floor":40,"turns":5},{"damage":41,"enemies":"Reptomancer","floor":42,"turns":8},{"damage":44,"enemies":"Nemesis","floor":45,"turns":5},{"damage":0,"enemies":"Mind Bloom Boss Battle","floor":48,"turns":6},{"damage":24,"enemies":"Time Eater","floor":50,"turns":8},{"damage":53,"enemies":"Awakened One","floor":51,"turns":15},{"damage":16,"enemies":"Shield and Spear","floor":55,"turns":9},{"damage":9,"enemies":"The Heart","floor":56,"turns":9}],"seed_played":"-3954167690931439395","potions_obtained":[{"floor":2,"key":"SpeedPotion"},{"floor":7,"key":"Fire Potion"},{"floor":13,"key":"FearPotion"},{"floor":20,"key":"Swift Potion"},{"floor":30,"key":"FearPotion"},{"floor":33,"key":"Swift Potion"},{"floor":38,"key":"Block Potion"},{"floor":39,"key":"Block Potion"}],"is_trial":false,"path_per_floor":["M","M","M","?","?","R","M","E","T","R","$","T","E","?","R","B",null,"M","?","M","T","?","R","E","?","T","?","E","?","E","?","R","B",null,"M","?","$","M","M","E","R","E","T","R","E","?","?","?","R","B","B",null,"R","$","E","B",null],"character_chosen":"IRONCLAD","items_purchased":["Vajra","Dark Embrace","Burning Pact","Frozen Eye","Bag of Preparation","Orrery","ElixirPotion","Explosive Potion","Warcry"],"campfire_rested":0,"item_purchase_floors":[11,37,37,37,54,54,54,54,54],"current_hp_per_floor":[62,64,68,68,68,68,68,50,50,50,50,50,48,48,48,59,66,59,59,60,60,60,60,69,49,49,28,49,49,53,53,53,65,76,79,81,81,81,83,83,83,62,62,62,58,58,58,81,81,81,44,72,72,76,85,85],"gold":42,"neow_bonus":"ONE_RARE_RELIC","is_prod":false,"is_daily":false,"chose_seed":false,"campfire_upgraded":5,"win_rate":0,"timestamp":1643322738,"path_taken":["M","M","M","?","?","R","?","E","T","R","$","?","E","?","R","BOSS","M","?","M","?","?","R","E","?","T","?","E","?","E","?","R","BOSS","M","?","$","M","M","E","R","E","T","R","E","?","?","?","R","BOSS","BOSS","R","$","E","BOSS"],"build_version":"2020-12-22","purchased_purges":1,"victory":true,"max_hp_per_floor":[68,68,68,68,68,68,68,68,68,68,68,68,68,68,68,68,68,68,68,68,68,68,68,70,75,75,75,75,75,77,77,77,79,79,79,81,81,81,83,83,83,85,85,85,85,81,81,81,81,81,81,81,81,85,85,85],"relic_stats":{"Calipers":[434],"Singing Bowl":16,"Happy Flower":[34],"counters":[25,155],"Astrolabe":["Anger","Impervious","Whirlwind"],"PreservedInsect":281,"Juzu Bracelet":2,"Bag of Preparation":[4],"Whetstone":["Anger","Bash"],"Ginger":[3],"War Paint":["Defend_R","True Grit"],"Burning Blood":111,"Peace Pipe":3,"Frozen Eye":165.80772,"Ornamental Fan":[0],"Bird Faced Urn":[49],"Art of War":[46],"obtain_stats":[{"Calipers":0,"Singing Bowl":13,"Vajra":11,"Enchiridion":27,"Juzu Bracelet":24,"Bag of Preparation":54,"Whetstone":40,"Ginger":48,"Burning Blood":0,"Old Coin":42,"Frozen Eye":37,"Fusion Hammer":34,"Happy Flower":21,"Astrolabe":17,"PreservedInsect":28,"War Paint":12,"Peace Pipe":30,"Du-Vu Doll":36,"Anchor":26,"Ornamental Fan":55,"MutagenicStrength":22,"Bird Faced Urn":45,"Orrery":54,"Art of War":8,"Bag of Marbles":9},{"Calipers":0,"Singing Bowl":6,"Vajra":5,"Enchiridion":10,"Juzu Bracelet":10,"Bag of Preparation":23,"Whetstone":18,"Ginger":21,"Burning Blood":0,"Old Coin":19,"Frozen Eye":15,"Fusion Hammer":13,"Happy Flower":9,"Astrolabe":7,"PreservedInsect":11,"War Paint":5,"Peace Pipe":12,"Du-Vu Doll":15,"Anchor":10,"Ornamental Fan":24,"MutagenicStrength":9,"Bird Faced Urn":20,"Orrery":23,"Art of War":5,"Bag of Marbles":5},{"Calipers":0,"Singing Bowl":31,"Vajra":23,"Enchiridion":58,"Juzu Bracelet":58,"Bag of Preparation":137,"Whetstone":95,"Ginger":114,"Burning Blood":0,"Old Coin":103,"Frozen Eye":82,"Fusion Hammer":75,"Happy Flower":51,"Astrolabe":42,"PreservedInsect":65,"War Paint":23,"Peace Pipe":69,"Du-Vu Doll":82,"Anchor":58,"Ornamental Fan":146,"MutagenicStrength":51,"Bird Faced Urn":108,"Orrery":137,"Art of War":23,"Bag of Marbles":23}]},"card_choices":[{"not_picked":["Iron Wave","Burning Pact"],"picked":"True Grit","floor":1},{"not_picked":["Sword Boomerang","Fire Breathing"],"picked":"Flame Barrier","floor":2},{"not_picked":["Spot Weakness","True Grit"],"picked":"Clothesline","floor":3},{"not_picked":["Warcry","Perfected Strike"],"picked":"Anger","floor":7},{"not_picked":["Evolve","True Grit"],"picked":"Reaper","floor":8},{"not_picked":["Perfected Strike","Hemokinesis"],"picked":"Demon Form","floor":13},{"not_picked":["Brutality","Double Tap"],"picked":"Barricade","floor":16},{"not_picked":["Pommel Strike+1","Sword Boomerang"],"picked":"Seeing Red","floor":18},{"not_picked":["True Grit+1","Double Tap"],"picked":"Disarm+1","floor":20},{"not_picked":["Wild Strike","Combust","Cleave"],"picked":"Singing Bowl","floor":24},{"not_picked":["Iron Wave","Demon Form"],"picked":"Bloodletting","floor":28},{"not_picked":["Whirlwind","Clash","Flame Barrier"],"picked":"Singing Bowl","floor":30},{"not_picked":["Brutality","Demon Form","Bludgeon"],"picked":"Singing Bowl","floor":33},{"not_picked":["Wild Strike","Thunderclap"],"picked":"Feel No Pain","floor":35},{"not_picked":["Reckless Charge","Cleave","Dropkick+1"],"picked":"Singing Bowl","floor":36},{"not_picked":["Twin Strike+1","Limit Break"],"picked":"Intimidate+1","floor":38},{"not_picked":["Rampage+1","True Grit","Body Slam"],"picked":"Singing Bowl","floor":39},{"not_picked":["Heavy Blade+1","Headbutt"],"picked":"Feel No Pain","floor":40},{"not_picked":["Twin Strike","Barricade","Evolve"],"picked":"Singing Bowl","floor":42},{"not_picked":["Immolate","Headbutt"],"picked":"Evolve","floor":45},{"not_picked":["Pummel","Seeing Red"],"picked":"Entrench","floor":48},{"not_picked":["Whirlwind+1","Headbutt"],"picked":"Battle Trance+1","floor":54},{"not_picked":["Bludgeon","Battle Trance","Iron Wave+1"],"picked":"Singing Bowl","floor":54},{"not_picked":["Heavy Blade","True Grit","Flex"],"picked":"Singing Bowl","floor":54},{"not_picked":["Headbutt","Wild Strike+1"],"picked":"Dark Embrace","floor":54},{"not_picked":["Sword Boomerang","Metallicize"],"picked":"Shockwave","floor":54},{"not_picked":["Uppercut+1","Dark Embrace"],"picked":"Seeing Red+1","floor":55}],"player_experience":6062031,"relics_obtained":[{"floor":8,"key":"Art of War"},{"floor":9,"key":"Bag of Marbles"},{"floor":12,"key":"War Paint"},{"floor":13,"key":"Singing Bowl"},{"floor":21,"key":"Happy Flower"},{"floor":24,"key":"Juzu Bracelet"},{"floor":26,"key":"Anchor"},{"floor":27,"key":"Enchiridion"},{"floor":28,"key":"PreservedInsect"},{"floor":30,"key":"Peace Pipe"},{"floor":36,"key":"Du-Vu Doll"},{"floor":40,"key":"Whetstone"},{"floor":42,"key":"Old Coin"},{"floor":45,"key":"Bird Faced Urn"},{"floor":48,"key":"Ginger"},{"floor":55,"key":"Ornamental Fan"}],"event_choices":[{"damage_healed":0,"gold_gain":0,"player_choice":"Ignored","damage_taken":0,"max_hp_gain":0,"max_hp_loss":0,"event_name":"Liars Game","floor":4,"gold_loss":0},{"damage_healed":0,"gold_gain":0,"cards_transformed":["Strike_R"],"player_choice":"Transformed","damage_taken":0,"max_hp_gain":0,"max_hp_loss":0,"event_name":"Transmorgrifier","floor":5,"gold_loss":0,"cards_obtained":["Twin Strike"]},{"damage_healed":0,"gold_gain":0,"player_choice":"Leave","damage_taken":0,"max_hp_gain":0,"max_hp_loss":0,"event_name":"The Cleric","floor":14,"gold_loss":0},{"cards_removed":["Strike_R"],"damage_healed":0,"gold_gain":0,"player_choice":"Elegance","damage_taken":0,"max_hp_gain":0,"max_hp_loss":0,"event_name":"Back to Basics","floor":19,"gold_loss":0},{"damage_healed":0,"gold_gain":0,"player_choice":"Inject Mutagens","damage_taken":0,"relics_obtained":["MutagenicStrength"],"max_hp_gain":0,"max_hp_loss":0,"event_name":"Drug Dealer","floor":22,"gold_loss":0},{"damage_healed":0,"gold_gain":0,"player_choice":"Shed Blood","damage_taken":25,"max_hp_gain":5,"max_hp_loss":0,"event_name":"Forgotten Altar","floor":25,"gold_loss":0},{"damage_healed":0,"gold_gain":0,"player_choice":"Obtained Book","damage_taken":21,"max_hp_gain":0,"max_hp_loss":0,"event_name":"Cursed Tome","floor":27,"gold_loss":0},{"cards_removed":["Defend_R"],"damage_healed":0,"gold_gain":0,"player_choice":"Purged","damage_taken":0,"max_hp_gain":0,"max_hp_loss":0,"event_name":"Purifier","floor":29,"gold_loss":0},{"damage_healed":0,"gold_gain":0,"player_choice":"Read","damage_taken":0,"max_hp_gain":0,"max_hp_loss":0,"event_name":"The Library","floor":31,"gold_loss":0,"cards_obtained":["Body Slam"]},{"damage_healed":0,"gold_gain":0,"player_choice":"Fight","damage_taken":0,"max_hp_gain":0,"max_hp_loss":0,"event_name":"Mysterious Sphere","floor":36,"gold_loss":0},{"damage_healed":0,"gold_gain":0,"player_choice":"Max HP","damage_taken":0,"max_hp_gain":0,"max_hp_loss":4,"event_name":"Winding Halls","floor":46,"gold_loss":0},{"damage_healed":0,"gold_gain":0,"player_choice":"Ignored","damage_taken":0,"max_hp_gain":0,"max_hp_loss":0,"event_name":"Tomb of Lord Red Mask","floor":47,"gold_loss":0},{"damage_healed":0,"gold_gain":0,"player_choice":"Fight","damage_taken":0,"max_hp_gain":0,"max_hp_loss":0,"event_name":"MindBloom","floor":48,"gold_loss":0}],"is_beta":false,"boss_relics":[{"not_picked":["Runic Cube","SacredBark"],"picked":"Astrolabe"},{"not_picked":["SlaversCollar","Sozu"],"picked":"Fusion Hammer"}],"items_purged_floors":[37],"is_endless":false,"potions_floor_spawned":[2,7,13,20,30,33,35,38,39],"ascension_level":20}