{"gold_per_floor":[115,115,134,146,71,71,87,87,87,114,114,130,147,173,173,246,246,260,175,175,175,75,75,109,89,89,118,118,65,77,93,93,171,171,184,184,198,216,216,216,264,264,342,374,388,388,388,400,400,400,400,400,400,20,54,54],"floor_reached":57,"playtime":5159,"items_purged":["Strike_R","Strike_R"],"score":2760,"play_id":"bc4b7dff-16ae-4db2-805d-3692b0de657f","local_time":"20220307154642","is_ascension_mode":true,"campfire_choices":[{"data":"Searing Blow","floor":6,"key":"SMITH"},{"data":"Searing Blow+1","floor":8,"key":"SMITH"},{"data":"Searing Blow+2","floor":11,"key":"SMITH"},{"data":"Searing Blow+3","floor":15,"key":"SMITH"},{"data":"Searing Blow+4","floor":23,"key":"SMITH"},{"data":"Searing Blow+5","floor":28,"key":"SMITH"},{"data":"Searing Blow+6","floor":32,"key":"SMITH"},{"data":"Searing Blow+7","floor":40,"key":"SMITH"},{"data":"Searing Blow+8","floor":42,"key":"SMITH"},{"data":"Searing Blow+9","floor":46,"key":"SMITH"},{"floor":49,"key":"RECALL"},{"data":"Searing Blow+10","floor":53,"key":"SMITH"}],"neow_cost":"NONE","seed_source_timestamp":937679634721300,"circlet_count":0,"master_deck":["AscendersBane","Strike_R","Strike_R","Strike_R","Defend_R","Defend_R","Defend_R","Defend_R","Bash+1","Searing Blow+11","True Grit","Battle Trance","Power Through","Shockwave","Armaments","Immolate","Iron Wave+1","Ghostly","Ghostly","Ghostly","Headbutt","Shrug It Off+1","Fiend Fire","Barricade","Shockwave+1","Shrug It Off+1","Dark Embrace","Second Wind+1","Bludgeon"],"relics":["Velvet Choker","Ancient Tea Set","Kunai","Unceasing Top","Runic Cube","Oddly Smooth Stone","Nilry\u0027s Codex","StrikeDummy","Toxic Egg 2","Blood Vial","Snecko Eye","Calipers","Bottled Tornado","Happy Flower","Lantern","Vajra"],"potions_floor_usage":[10,16,27,31,51,55,56],"damage_taken":[{"damage":14,"enemies":"Small Slimes","floor":1,"turns":3},{"damage":1,"enemies":"Cultist","floor":3,"turns":3},{"damage":4,"enemies":"2 Louse","floor":4,"turns":4},{"damage":0,"enemies":"2 Fungi Beasts","floor":7,"turns":3},{"damage":13,"enemies":"3 Sentries","floor":10,"turns":8},{"damage":0,"enemies":"Large Slime","floor":12,"turns":3},{"damage":1,"enemies":"Blue Slaver","floor":13,"turns":2},{"damage":11,"enemies":"Gremlin Nob","floor":14,"turns":3},{"damage":7,"enemies":"The Guardian","floor":16,"turns":10},{"damage":0,"enemies":"Chosen","floor":18,"turns":3},{"damage":11,"enemies":"Gremlin Leader","floor":24,"turns":4},{"damage":2,"enemies":"2 Thieves","floor":25,"turns":4},{"damage":2,"enemies":"Slavers","floor":27,"turns":7},{"damage":0,"enemies":"Centurion and Healer","floor":30,"turns":5},{"damage":3,"enemies":"Snake Plant","floor":31,"turns":4},{"damage":23,"enemies":"Champ","floor":33,"turns":12},{"damage":0,"enemies":"3 Darklings","floor":35,"turns":5},{"damage":0,"enemies":"Orb Walker","floor":37,"turns":2},{"damage":2,"enemies":"4 Shapes","floor":38,"turns":4},{"damage":3,"enemies":"2 Orb Walkers","floor":41,"turns":4},{"damage":0,"enemies":"Giant Head","floor":44,"turns":5},{"damage":2,"enemies":"Jaw Worm Horde","floor":45,"turns":3},{"damage":2,"enemies":"Transient","floor":48,"turns":6},{"damage":0,"enemies":"Time Eater","floor":50,"turns":12},{"damage":3,"enemies":"Awakened One","floor":51,"turns":11},{"damage":9,"enemies":"Shield and Spear","floor":55,"turns":5},{"damage":7,"enemies":"The Heart","floor":56,"turns":6}],"seed_played":"3717496008723384284","potions_obtained":[{"floor":3,"key":"DuplicationPotion"},{"floor":10,"key":"Dexterity Potion"},{"floor":14,"key":"SmokeBomb"},{"floor":18,"key":"Energy Potion"},{"floor":27,"key":"Weak Potion"},{"floor":30,"key":"Regen Potion"},{"floor":37,"key":"FearPotion"},{"floor":41,"key":"PowerPotion"},{"floor":55,"key":"PowerPotion"}],"is_trial":false,"path_per_floor":["M","?","M","M","$","R","M","R","T","E","R","M","M","E","R","B",null,"M","?","?","?","$","R","E","M","T","E","R","$","M","M","R","B",null,"M","?","M","M","T","R","?","R","T","E","M","R","?","M","R","B","B",null,"R","$","E","B",null],"character_chosen":"IRONCLAD","items_purchased":["Shrug It Off+1","Energy Potion","Happy Flower","Lantern"],"campfire_rested":0,"item_purchase_floors":[29,54,54,54],"current_hp_per_floor":[54,54,53,49,49,49,49,49,49,36,36,36,35,24,24,17,61,61,61,40,37,37,37,26,24,24,22,22,22,24,35,35,14,31,33,28,30,30,30,30,29,29,29,31,31,31,31,31,31,33,32,34,34,34,26,21],"gold":54,"neow_bonus":"BOSS_RELIC","is_prod":false,"is_daily":false,"chose_seed":false,"campfire_upgraded":11,"win_rate":0,"timestamp":1646686002,"path_taken":["M","?","M","M","?","R","M","R","T","E","R","M","?","E","R","BOSS","M","?","?","?","$","R","E","M","T","E","R","$","M","M","R","BOSS","M","?","?","M","?","R","?","R","T","E","M","R","?","?","R","BOSS","BOSS","R","$","E","BOSS"],"build_version":"2022-02-27","purchased_purges":2,"victory":true,"max_hp_per_floor":[75,75,75,75,75,75,75,75,75,75,75,75,75,75,75,75,75,75,75,75,37,37,37,37,37,37,37,37,37,37,37,37,37,37,37,37,37,37,37,37,37,37,37,37,37,37,35,35,35,35,35,35,35,35,35,35],"relic_stats":{"Blood Vial":27,"Calipers":[102],"Happy Flower":[3],"counters":[27,141],"Nilry\u0027s Codex":[3,16,14,51],"Snecko Eye":[171,124,144,126,-35],"Kunai":[20],"Bottled Tornado":"Dark Embrace","Ancient Tea Set":[20],"obtain_stats":[{"Lantern":54,"Calipers":41,"Happy Flower":54,"Nilry\u0027s Codex":20,"Velvet Choker":0,"Oddly Smooth Stone":19,"Vajra":55,"Bottled Tornado":43,"Ancient Tea Set":9,"Burning Blood":0,"Blood Vial":27,"Snecko Eye":34,"Kunai":10,"Toxic Egg 2":26,"StrikeDummy":24,"Unceasing Top":14,"Runic Cube":17},{"Lantern":25,"Calipers":20,"Happy Flower":25,"Nilry\u0027s Codex":10,"Velvet Choker":0,"Oddly Smooth Stone":10,"Vajra":26,"Bottled Tornado":20,"Ancient Tea Set":4,"Burning Blood":0,"Blood Vial":13,"Snecko Eye":16,"Kunai":5,"Toxic Egg 2":12,"StrikeDummy":11,"Unceasing Top":8,"Runic Cube":9},{"Lantern":130,"Calipers":93,"Happy Flower":130,"Nilry\u0027s Codex":42,"Velvet Choker":0,"Oddly Smooth Stone":42,"Vajra":135,"Bottled Tornado":93,"Ancient Tea Set":13,"Burning Blood":0,"Blood Vial":57,"Snecko Eye":78,"Kunai":21,"Toxic Egg 2":50,"StrikeDummy":46,"Unceasing Top":29,"Runic Cube":39}],"Unceasing Top":[3],"Runic Cube":[37]},"card_choices":[{"not_picked":["Inflame","Perfected Strike"],"picked":"Searing Blow","floor":3},{"not_picked":["Cleave","Pommel Strike"],"picked":"True Grit","floor":4},{"not_picked":["Seeing Red","Anger","Wild Strike"],"picked":"SKIP","floor":7},{"not_picked":["Inflame","Offering"],"picked":"Battle Trance","floor":10},{"not_picked":["Rupture","Flex"],"picked":"Power Through","floor":12},{"not_picked":["Warcry","Reckless Charge"],"picked":"Shockwave","floor":13},{"not_picked":["Pummel","Intimidate"],"picked":"Armaments","floor":14},{"not_picked":["Impervious","Berserk"],"picked":"Immolate","floor":16},{"not_picked":["Twin Strike","Perfected Strike"],"picked":"Iron Wave+1","floor":18},{"not_picked":["Heavy Blade","Entrench","Iron Wave"],"picked":"SKIP","floor":24},{"not_picked":["Juggernaut","Sever Soul","Body Slam"],"picked":"SKIP","floor":25},{"not_picked":["Twin Strike","Sword Boomerang"],"picked":"Headbutt","floor":27},{"not_picked":["Sentinel+1","Uppercut"],"picked":"Fiend Fire","floor":30},{"not_picked":["Exhume+1","Juggernaut"],"picked":"Barricade","floor":33},{"not_picked":["Clothesline+1","Perfected Strike"],"picked":"Shockwave+1","floor":35},{"not_picked":["Rupture","Havoc+1"],"picked":"Shrug It Off+1","floor":37},{"not_picked":["Iron Wave+1","Shockwave+1","Intimidate+1"],"picked":"SKIP","floor":38},{"not_picked":["Iron Wave+1","Shockwave+1","Intimidate+1"],"picked":"SKIP","floor":38},{"not_picked":["Iron Wave+1","Shockwave+1","Intimidate+1"],"picked":"SKIP","floor":38},{"not_picked":["Heavy Blade+1","Havoc+1"],"picked":"Dark Embrace","floor":41},{"not_picked":["Warcry+1","Intimidate+1"],"picked":"Second Wind+1","floor":44},{"not_picked":["Sever Soul","Evolve"],"picked":"Bludgeon","floor":45},{"not_picked":["Iron Wave","Armaments+1","Pommel Strike+1"],"picked":"SKIP","floor":48},{"not_picked":["Cleave","Whirlwind","Battle Trance+1"],"picked":"SKIP","floor":55}],"player_experience":6399628,"relics_obtained":[{"floor":9,"key":"Ancient Tea Set"},{"floor":10,"key":"Kunai"},{"floor":14,"key":"Unceasing Top"},{"floor":20,"key":"Nilry\u0027s Codex"},{"floor":24,"key":"StrikeDummy"},{"floor":26,"key":"Toxic Egg 2"},{"floor":27,"key":"Blood Vial"},{"floor":41,"key":"Calipers"},{"floor":43,"key":"Bottled Tornado"},{"floor":55,"key":"Vajra"}],"event_choices":[{"damage_healed":0,"gold_gain":0,"player_choice":"Upgraded","damage_taken":0,"max_hp_gain":0,"max_hp_loss":0,"event_name":"Upgrade Shrine","floor":2,"gold_loss":0,"cards_upgraded":["Bash"]},{"damage_healed":0,"gold_gain":0,"player_choice":"Obtained Relic","damage_taken":0,"relics_obtained":["Oddly Smooth Stone"],"max_hp_gain":0,"max_hp_loss":0,"event_name":"Addict","floor":19,"gold_loss":85},{"damage_healed":0,"gold_gain":0,"player_choice":"Obtained Book","damage_taken":21,"max_hp_gain":0,"max_hp_loss":0,"event_name":"Cursed Tome","floor":20,"gold_loss":0},{"damage_healed":0,"gold_gain":0,"player_choice":"Became a Ghost","damage_taken":0,"max_hp_gain":0,"max_hp_loss":38,"event_name":"Ghosts","floor":21,"gold_loss":0,"cards_obtained":["Ghostly","Ghostly","Ghostly"]},{"damage_healed":0,"gold_gain":0,"player_choice":"Damaged","damage_taken":5,"max_hp_gain":0,"max_hp_loss":0,"event_name":"Wheel of Change","floor":36,"gold_loss":0},{"damage_healed":0,"gold_gain":0,"player_choice":"Fight","damage_taken":0,"max_hp_gain":0,"max_hp_loss":0,"event_name":"Mysterious Sphere","floor":41,"gold_loss":0},{"damage_healed":0,"gold_gain":0,"player_choice":"Max HP","damage_taken":0,"max_hp_gain":0,"max_hp_loss":2,"event_name":"Winding Halls","floor":47,"gold_loss":0}],"is_beta":false,"boss_relics":[{"not_picked":["Cursed Key","Mark of Pain"],"picked":"Runic Cube"},{"not_picked":["Astrolabe","Fusion Hammer"],"picked":"Snecko Eye"}],"items_purged_floors":[5,22],"is_endless":false,"potions_floor_spawned":[3,10,14,18,27,30,37,41,45,55],"ascension_level":20}