{"gold_per_floor":[109,126,126,72,72,113,113,151,176,191,230,254,254,287,287,380,380,398,413,413,1,20,20,20,43,125,125,148,148,148,187,187,283,283,296,312,325,76,94,94,94,94,94,0,34,34,78,96,96,96,96,96,96,10,46,46],"floor_reached":57,"playtime":4875,"items_purged":["Strike_R"],"score":3116,"play_id":"0c82fae6-be26-4913-b1d7-1ed79c354250","local_time":"20220301172128","is_ascension_mode":true,"campfire_choices":[{"data":"True Grit","floor":7,"key":"SMITH"},{"data":"Bash","floor":13,"key":"SMITH"},{"data":"Dark Embrace","floor":15,"key":"SMITH"},{"floor":23,"key":"REST"},{"floor":27,"key":"REST"},{"data":"Offering","floor":30,"key":"SMITH"},{"data":"Evolve","floor":32,"key":"SMITH"},{"data":"Corruption","floor":40,"key":"SMITH"},{"floor":42,"key":"REST"},{"data":"Feel No Pain","floor":46,"key":"SMITH"},{"floor":49,"key":"RECALL"},{"data":"Madness","floor":53,"key":"SMITH"}],"neow_cost":"NONE","seed_source_timestamp":425254392127900,"circlet_count":0,"master_deck":["AscendersBane","Strike_R","Defend_R","Defend_R","Defend_R","Bash+1","Rampage+1","Intimidate+1","Reckless Charge","Offering+1","True Grit+1","Evolve+1","Dark Embrace+1","Corruption+1","Reckless Charge","Second Wind","Madness+1","Shockwave","Armaments+1","Feed","Feel No Pain+1","Sentinel","Shrug It Off+1"],"relics":["Astrolabe","Golden Idol","Orichalcum","Darkstone Periapt","Strawberry","StrikeDummy","Pantograph","SacredBark","Nilry\u0027s Codex","TheAbacus","Bottled Lightning","Bottled Tornado","Runic Pyramid","Medical Kit","Red Mask","Singing Bowl","Letter Opener","Bottled Flame"],"potions_floor_usage":[6,10,19,25,33,56,56],"damage_taken":[{"damage":7,"enemies":"Jaw Worm","floor":1,"turns":3},{"damage":8,"enemies":"Small Slimes","floor":2,"turns":3},{"damage":13,"enemies":"Gremlin Nob","floor":6,"turns":3},{"damage":15,"enemies":"Lagavulin","floor":8,"turns":5},{"damage":0,"enemies":"2 Louse","floor":10,"turns":2},{"damage":15,"enemies":"3 Sentries","floor":11,"turns":7},{"damage":3,"enemies":"2 Fungi Beasts","floor":12,"turns":3},{"damage":0,"enemies":"Gremlin Nob","floor":14,"turns":3},{"damage":12,"enemies":"The Guardian","floor":16,"turns":7},{"damage":10,"enemies":"3 Byrds","floor":18,"turns":5},{"damage":17,"enemies":"Shell Parasite","floor":19,"turns":6},{"damage":23,"enemies":"Snake Plant","floor":22,"turns":4},{"damage":0,"enemies":"Sentry and Sphere","floor":25,"turns":5},{"damage":13,"enemies":"Snecko","floor":28,"turns":5},{"damage":13,"enemies":"Gremlin Leader","floor":31,"turns":4},{"damage":6,"enemies":"Automaton","floor":33,"turns":6},{"damage":18,"enemies":"3 Darklings","floor":35,"turns":3},{"damage":4,"enemies":"3 Shapes","floor":36,"turns":6},{"damage":6,"enemies":"Maw","floor":37,"turns":4},{"damage":9,"enemies":"Spire Growth","floor":39,"turns":4},{"damage":6,"enemies":"Giant Head","floor":45,"turns":2},{"damage":6,"enemies":"Reptomancer","floor":47,"turns":4},{"damage":6,"enemies":"4 Shapes","floor":48,"turns":4},{"damage":16,"enemies":"Donu and Deca","floor":50,"turns":3},{"damage":6,"enemies":"Time Eater","floor":51,"turns":5},{"damage":6,"enemies":"Shield and Spear","floor":55,"turns":3},{"damage":18,"enemies":"The Heart","floor":56,"turns":5}],"seed_played":"-5934955659319887769","potions_obtained":[{"floor":1,"key":"Strength Potion"},{"floor":8,"key":"Fruit Juice"},{"floor":10,"key":"Ancient Potion"},{"floor":11,"key":"Weak Potion"},{"floor":22,"key":"Fire Potion"},{"floor":25,"key":"FearPotion"},{"floor":33,"key":"LiquidBronze"}],"is_trial":false,"path_per_floor":["M","M","?","$","?","E","R","E","T","M","E","M","R","E","R","B",null,"M","M","?","$","M","R","$","M","T","R","M","?","R","E","R","B",null,"M","M","M","$","M","R","?","R","T","?","E","R","E","M","R","B","B",null,"R","$","E","B",null],"character_chosen":"IRONCLAD","items_purchased":["Explosive Potion","Second Wind","TheAbacus","Madness","Medical Kit","Feel No Pain","DuplicationPotion"],"campfire_rested":3,"item_purchase_floors":[4,21,21,21,38,38,54],"current_hp_per_floor":[61,53,53,53,58,45,45,30,37,42,27,24,24,24,24,37,73,63,46,25,25,2,27,27,27,27,52,39,39,39,26,26,45,75,57,53,47,47,42,42,42,68,68,68,68,68,66,66,66,79,102,110,110,110,109,100],"gold":46,"neow_bonus":"BOSS_RELIC","is_prod":false,"is_daily":false,"chose_seed":false,"campfire_upgraded":8,"win_rate":0,"timestamp":1646173288,"path_taken":["M","M","?","$","?","E","R","E","T","M","E","M","R","E","R","BOSS","M","M","?","$","M","R","$","M","T","R","M","?","R","E","R","BOSS","M","M","M","$","M","R","?","R","T","?","E","R","E","M","R","BOSS","BOSS","R","$","E","BOSS"],"build_version":"2022-02-27","purchased_purges":1,"victory":true,"max_hp_per_floor":[75,75,68,68,73,73,73,73,80,85,85,85,85,85,85,85,85,85,85,85,85,85,85,85,85,85,85,85,85,85,85,85,85,85,85,85,85,85,89,89,89,89,89,89,95,95,99,105,105,109,113,113,113,113,118,118],"relic_stats":{"Darkstone Periapt":0,"Singing Bowl":6,"counters":[27,114],"Golden Idol":202,"Nilry\u0027s Codex":[1,13,9,28],"Astrolabe":["Rampage","Twin Strike","Intimidate"],"Letter Opener":[109],"Orichalcum":[162],"Bottled Tornado":"Dark Embrace","Medical Kit":[86],"Bottled Flame":"Rampage","TheAbacus":[762],"Pantograph":109,"Bottled Lightning":"Offering","obtain_stats":[{"Darkstone Periapt":8,"Singing Bowl":45,"Golden Idol":3,"Nilry\u0027s Codex":20,"Astrolabe":0,"SacredBark":17,"Letter Opener":47,"Orichalcum":6,"Bottled Tornado":31,"Medical Kit":38,"Burning Blood":0,"Bottled Flame":55,"TheAbacus":21,"Strawberry":9,"Pantograph":14,"Red Mask":44,"Bottled Lightning":26,"StrikeDummy":11,"Runic Pyramid":34},{"Darkstone Periapt":4,"Singing Bowl":21,"Golden Idol":2,"Nilry\u0027s Codex":11,"Astrolabe":0,"SacredBark":9,"Letter Opener":22,"Orichalcum":3,"Bottled Tornado":15,"Medical Kit":19,"Burning Blood":0,"Bottled Flame":26,"TheAbacus":11,"Strawberry":4,"Pantograph":8,"Red Mask":20,"Bottled Lightning":13,"StrikeDummy":6,"Runic Pyramid":16},{"Darkstone Periapt":14,"Singing Bowl":90,"Golden Idol":6,"Nilry\u0027s Codex":47,"Astrolabe":0,"SacredBark":36,"Letter Opener":94,"Orichalcum":9,"Bottled Tornado":65,"Medical Kit":84,"Burning Blood":0,"Bottled Flame":109,"TheAbacus":47,"Strawberry":14,"Pantograph":29,"Red Mask":88,"Bottled Lightning":56,"StrikeDummy":23,"Runic Pyramid":71}]},"card_choices":[{"not_picked":["Iron Wave","Body Slam"],"picked":"Reckless Charge","floor":1},{"not_picked":["Pommel Strike","Heavy Blade"],"picked":"Offering","floor":2},{"not_picked":["Perfected Strike","Flex","True Grit"],"picked":"SKIP","floor":6},{"not_picked":["Perfected Strike","Flex"],"picked":"True Grit","floor":6},{"not_picked":["Flex","Havoc","Warcry"],"picked":"SKIP","floor":8},{"not_picked":["Flex","Havoc","Warcry"],"picked":"SKIP","floor":8},{"not_picked":["Shrug It Off","Rampage"],"picked":"Evolve","floor":10},{"not_picked":["Sword Boomerang","Juggernaut","Iron Wave"],"picked":"SKIP","floor":11},{"not_picked":["Armaments","Bloodletting","Fire Breathing"],"picked":"SKIP","floor":12},{"not_picked":["Sword Boomerang","Clothesline"],"picked":"Dark Embrace","floor":14},{"not_picked":["Bludgeon","Demon Form"],"picked":"Corruption","floor":16},{"not_picked":["Flex","Sword Boomerang"],"picked":"Reckless Charge","floor":18},{"not_picked":["Body Slam","Twin Strike","Perfected Strike"],"picked":"SKIP","floor":19},{"not_picked":["Havoc","Anger","Perfected Strike"],"picked":"SKIP","floor":22},{"not_picked":["Havoc","Anger","Perfected Strike"],"picked":"SKIP","floor":22},{"not_picked":["Sword Boomerang","Thunderclap"],"picked":"Shockwave","floor":25},{"not_picked":["Wild Strike","Rage","Armaments"],"picked":"SKIP","floor":28},{"not_picked":["Combust","Spot Weakness","Perfected Strike+1"],"picked":"SKIP","floor":31},{"not_picked":["Cleave+1","Hemokinesis+1","Armaments"],"picked":"SKIP","floor":35},{"not_picked":["Sword Boomerang+1","Body Slam"],"picked":"Armaments+1","floor":36},{"not_picked":["Clothesline","Fire Breathing"],"picked":"Feed","floor":37},{"not_picked":["Flex+1","Body Slam"],"picked":"Sentinel","floor":39},{"not_picked":["Shrug It Off","Body Slam","Searing Blow"],"picked":"Singing Bowl","floor":45},{"not_picked":["Blood for Blood","Perfected Strike"],"picked":"Shrug It Off+1","floor":47},{"not_picked":["Spot Weakness+1","Clothesline","Searing Blow"],"picked":"Singing Bowl","floor":48},{"not_picked":["Clothesline+1","Searing Blow","Ghostly Armor+1"],"picked":"Singing Bowl","floor":55}],"player_experience":6358185,"relics_obtained":[{"floor":6,"key":"Orichalcum"},{"floor":8,"key":"Darkstone Periapt"},{"floor":9,"key":"Strawberry"},{"floor":11,"key":"StrikeDummy"},{"floor":14,"key":"Pantograph"},{"floor":20,"key":"Nilry\u0027s Codex"},{"floor":26,"key":"Bottled Lightning"},{"floor":31,"key":"Bottled Tornado"},{"floor":45,"key":"Singing Bowl"},{"floor":47,"key":"Letter Opener"},{"floor":55,"key":"Bottled Flame"}],"event_choices":[{"damage_healed":0,"gold_gain":0,"player_choice":"Lose Max HP","damage_taken":0,"relics_obtained":["Golden Idol"],"max_hp_gain":0,"max_hp_loss":7,"event_name":"Golden Idol","floor":3,"gold_loss":0},{"damage_healed":0,"gold_gain":0,"player_choice":"Donut","damage_taken":0,"max_hp_gain":5,"max_hp_loss":0,"event_name":"Big Fish","floor":5,"gold_loss":0},{"damage_healed":0,"gold_gain":0,"player_choice":"Obtained Book","damage_taken":21,"max_hp_gain":0,"max_hp_loss":0,"event_name":"Cursed Tome","floor":20,"gold_loss":0},{"cards_removed":["Strike_R"],"damage_healed":0,"gold_gain":0,"player_choice":"Elegance","damage_taken":0,"max_hp_gain":0,"max_hp_loss":0,"event_name":"Back to Basics","floor":29,"gold_loss":0},{"cards_removed":["Twin Strike"],"damage_healed":0,"gold_gain":0,"player_choice":"Removed Attack","damage_taken":0,"max_hp_gain":0,"max_hp_loss":0,"event_name":"Falling","floor":41,"gold_loss":0},{"damage_healed":0,"gold_gain":0,"player_choice":"Paid","damage_taken":0,"relics_obtained":["Red Mask"],"max_hp_gain":0,"max_hp_loss":0,"event_name":"Tomb of Lord Red Mask","floor":44,"gold_loss":94}],"is_beta":false,"boss_relics":[{"not_picked":["Tiny House","Runic Dome"],"picked":"SacredBark"},{"not_picked":["Empty Cage","Fusion Hammer"],"picked":"Runic Pyramid"}],"items_purged_floors":[21],"is_endless":false,"potions_floor_spawned":[1,8,10,11,22,25,33,35,48,55],"ascension_level":20}