{"gold_per_floor":[113,113,133,133,147,182,182,107,107,132,151,151,166,199,199,277,277,288,17,33,48,59,91,16,36,36,53,80,80,80,109,109,109],"floor_reached":33,"playtime":1426,"items_purged":["Strike_R","Strike_R"],"score":754,"play_id":"48783f1a-0880-47a0-958b-e8c94a7dcf2c","local_time":"20220318162538","is_ascension_mode":true,"campfire_choices":[{"data":"Bludgeon","floor":7,"key":"SMITH"},{"floor":15,"key":"REST"},{"floor":30,"key":"REST"},{"data":"Pommel Strike","floor":32,"key":"SMITH"}],"neow_cost":"NONE","seed_source_timestamp":1890574721560000,"circlet_count":0,"master_deck":["AscendersBane","Strike_R","Strike_R","Defend_R","Defend_R","Defend_R","Defend_R","Bash","CurseOfTheBell","Pommel Strike","Bludgeon+1","Havoc+1","Disarm","Pommel Strike+1","Second Wind","Bludgeon","Power Through","Thunderclap+1","Headbutt+1","Shrug It Off","Battle Trance"],"relics":["Calling Bell","Bag of Marbles","Gremlin Horn","Magic Flower","Anchor","Sundial","Blue Candle","StrikeDummy","Cursed Key","Frozen Eye","Regal Pillow","Molten Egg 2","PreservedInsect"],"potions_floor_usage":[10,16,31,33,33],"damage_taken":[{"damage":7,"enemies":"Jaw Worm","floor":1,"turns":3},{"damage":4,"enemies":"2 Louse","floor":3,"turns":3},{"damage":0,"enemies":"Small Slimes","floor":5,"turns":3},{"damage":35,"enemies":"3 Sentries","floor":6,"turns":7},{"damage":0,"enemies":"Gremlin Nob","floor":10,"turns":2},{"damage":0,"enemies":"Looter","floor":11,"turns":2},{"damage":0,"enemies":"2 Fungi Beasts","floor":13,"turns":2},{"damage":10,"enemies":"3 Sentries","floor":14,"turns":3},{"damage":33,"enemies":"Slime Boss","floor":16,"turns":8},{"damage":0,"enemies":"Chosen","floor":18,"turns":3},{"damage":4,"enemies":"3 Byrds","floor":20,"turns":4},{"damage":0,"enemies":"Snake Plant","floor":21,"turns":2},{"damage":0,"enemies":"Centurion and Healer","floor":22,"turns":4},{"damage":2,"enemies":"Slavers","floor":23,"turns":4},{"damage":3,"enemies":"Snecko","floor":25,"turns":4},{"damage":0,"enemies":"Cultist and Chosen","floor":27,"turns":3},{"damage":0,"enemies":"Gremlin Leader","floor":28,"turns":3},{"damage":13,"enemies":"Book of Stabbing","floor":31,"turns":4},{"damage":65,"enemies":"Collector","floor":33,"turns":8}],"seed_played":"6618074283894762054","potions_obtained":[{"floor":6,"key":"Fire Potion"},{"floor":11,"key":"CultistPotion"},{"floor":16,"key":"BlessingOfTheForge"},{"floor":18,"key":"HeartOfIron"},{"floor":22,"key":"Block Potion"},{"floor":31,"key":"Swift Potion"}],"is_trial":false,"path_per_floor":["M","?","M","?","M","E","R","$","T","E","M","?","M","E","R","B",null,"M","$","M","M","M","E","?","M","T","M","E","?","R","E","R","B"],"character_chosen":"IRONCLAD","items_purchased":["Frozen Eye"],"campfire_rested":2,"item_purchase_floors":[19],"current_hp_per_floor":[61,66,62,62,62,27,27,27,27,27,27,27,27,17,41,8,62,62,62,58,58,58,56,56,53,53,53,53,30,70,57,57,0],"gold":109,"neow_bonus":"BOSS_RELIC","is_prod":false,"is_daily":false,"chose_seed":false,"campfire_upgraded":2,"win_rate":0,"timestamp":1647635138,"path_taken":["M","?","M","?","M","E","R","$","T","E","M","?","M","E","R","BOSS","M","?","M","M","M","E","?","M","T","?","E","?","R","E","R","BOSS"],"build_version":"2022-03-07","purchased_purges":2,"victory":false,"max_hp_per_floor":[75,80,80,80,80,80,80,80,80,80,80,80,80,80,80,80,80,80,80,80,80,80,80,80,80,80,80,80,85,85,85,85,85],"relic_stats":{"Frozen Eye":117.16492,"Regal Pillow":15,"Gremlin Horn":[22,23],"counters":[19,72],"Sundial":[8],"Blue Candle":[3],"Magic Flower":[0],"PreservedInsect":0,"Cursed Key":0,"obtain_stats":[{"Regal Pillow":23,"Gremlin Horn":0,"Blue Candle":10,"Magic Flower":0,"PreservedInsect":31,"Cursed Key":17,"Burning Blood":0,"Calling Bell":0,"Frozen Eye":19,"Anchor":6,"Sundial":9,"Molten Egg 2":28,"Bag of Marbles":0,"StrikeDummy":14},{"Regal Pillow":14,"Gremlin Horn":0,"Blue Candle":5,"Magic Flower":0,"PreservedInsect":18,"Cursed Key":9,"Burning Blood":0,"Calling Bell":0,"Frozen Eye":10,"Anchor":4,"Sundial":4,"Molten Egg 2":17,"Bag of Marbles":0,"StrikeDummy":8},{"Regal Pillow":50,"Gremlin Horn":0,"Blue Candle":18,"Magic Flower":0,"PreservedInsect":64,"Cursed Key":33,"Burning Blood":0,"Calling Bell":0,"Frozen Eye":36,"Anchor":16,"Sundial":16,"Molten Egg 2":60,"Bag of Marbles":0,"StrikeDummy":25}]},"card_choices":[{"not_picked":["Cleave","Clash"],"picked":"Pommel Strike","floor":1},{"not_picked":["Shrug It Off","Rage"],"picked":"Bludgeon","floor":3},{"not_picked":["Heavy Blade","Rupture"],"picked":"Havoc","floor":5},{"not_picked":["Hemokinesis","Clothesline"],"picked":"Disarm","floor":6},{"not_picked":["Pummel","Flex"],"picked":"Pommel Strike","floor":11},{"not_picked":["Cleave","Power Through"],"picked":"Second Wind","floor":13},{"not_picked":["Combust","Heavy Blade","Limit Break"],"picked":"SKIP","floor":14},{"not_picked":["Brutality","Demon Form"],"picked":"Bludgeon","floor":16},{"not_picked":["Blood for Blood","Warcry"],"picked":"Power Through","floor":21},{"not_picked":["Perfected Strike","Second Wind"],"picked":"Thunderclap+1","floor":22},{"not_picked":["Flex","Rampage","Perfected Strike+1"],"picked":"SKIP","floor":23},{"not_picked":["Flame Barrier","Warcry"],"picked":"Headbutt+1","floor":25},{"not_picked":["Bloodletting","Metallicize"],"picked":"Shrug It Off","floor":27},{"not_picked":["Thunderclap+1","Berserk","Anger+1"],"picked":"SKIP","floor":28},{"not_picked":["Rupture","Cleave+1"],"picked":"Battle Trance","floor":31}],"player_experience":6506737,"relics_obtained":[{"floor":0,"key":"Bag of Marbles"},{"floor":0,"key":"Gremlin Horn"},{"floor":0,"key":"Magic Flower"},{"floor":6,"key":"Anchor"},{"floor":9,"key":"Sundial"},{"floor":10,"key":"Blue Candle"},{"floor":14,"key":"StrikeDummy"},{"floor":23,"key":"Regal Pillow"},{"floor":28,"key":"Molten Egg 2"},{"floor":31,"key":"PreservedInsect"}],"event_choices":[{"damage_healed":0,"gold_gain":0,"player_choice":"Donut","damage_taken":0,"max_hp_gain":5,"max_hp_loss":0,"event_name":"Big Fish","floor":2,"gold_loss":0},{"damage_healed":0,"gold_gain":0,"player_choice":"Ignored","damage_taken":0,"max_hp_gain":0,"max_hp_loss":0,"event_name":"Liars Game","floor":4,"gold_loss":0},{"damage_healed":0,"gold_gain":0,"player_choice":"Upgraded","damage_taken":0,"max_hp_gain":0,"max_hp_loss":0,"event_name":"Upgrade Shrine","floor":12,"gold_loss":0,"cards_upgraded":["Havoc"]},{"cards_removed":["Strike_R"],"damage_healed":0,"gold_gain":0,"player_choice":"Single Remove","damage_taken":0,"max_hp_gain":0,"max_hp_loss":0,"event_name":"Designer","floor":24,"gold_loss":75},{"damage_healed":0,"gold_gain":0,"player_choice":"Shed Blood","damage_taken":28,"max_hp_gain":5,"max_hp_loss":0,"event_name":"Forgotten Altar","floor":29,"gold_loss":0}],"is_beta":false,"boss_relics":[{"not_picked":["Tiny House","Mark of Pain"],"picked":"Cursed Key"}],"items_purged_floors":[8,19],"is_endless":false,"potions_floor_spawned":[6,11,16,18,22,23,25,31],"killed_by":"Collector","ascension_level":20}