{"gold_per_floor":[115,132,132,144,158,184,184,210,234,234,249,266,299,319,319,392],"floor_reached":16,"playtime":1772,"items_purged":[],"score":348,"play_id":"073c59b9-fddf-4371-9304-1c29c00bef70","local_time":"20220422124926","is_ascension_mode":true,"campfire_choices":[{"data":"Inflame","floor":7.0,"key":"SMITH"},{"data":"True Grit","floor":15.0,"key":"SMITH"}],"neow_cost":"TEN_PERCENT_HP_LOSS","seed_source_timestamp":1470515339430100,"circlet_count":0,"master_deck":["AscendersBane","Strike_R","Strike_R","Strike_R","Strike_R","Defend_R","Defend_R","Defend_R","Defend_R","Bash","Metamorphosis","Whirlwind+1","Thunderclap","Thunderclap","Burning Pact","Inflame+1","Flex","True Grit+1","Impervious","Cleave+1"],"special_seed":0,"relics":["Burning Blood","Molten Egg 2","Happy Flower","Akabeko"],"potions_floor_usage":[16,16],"damage_taken":[{"damage":1.0,"enemies":"Cultist","floor":1.0,"turns":3.0},{"damage":0.0,"enemies":"2 Louse","floor":2.0,"turns":2.0},{"damage":7.0,"enemies":"Jaw Worm","floor":4.0,"turns":3.0},{"damage":0.0,"enemies":"2 Fungi Beasts","floor":5.0,"turns":1.0},{"damage":11.0,"enemies":"Gremlin Nob","floor":6.0,"turns":3.0},{"damage":25.0,"enemies":"Lagavulin","floor":8.0,"turns":6.0},{"damage":7.0,"enemies":"Looter","floor":11.0,"turns":3.0},{"damage":0.0,"enemies":"Exordium Wildlife","floor":12.0,"turns":2.0},{"damage":13.0,"enemies":"Gremlin Nob","floor":13.0,"turns":3.0},{"damage":0.0,"enemies":"Red Slaver","floor":14.0,"turns":3.0},{"damage":24,"enemies":"Hexaghost","floor":16,"turns":7}],"seed_played":"7436729229563454285","potions_obtained":[{"floor":1.0,"key":"CultistPotion"},{"floor":4.0,"key":"Dexterity Potion"},{"floor":8.0,"key":"EntropicBrew"},{"floor":13.0,"key":"Swift Potion"}],"is_trial":false,"path_per_floor":["M","M","?","M","M","E","R","E","T","?","M","M","E","M","R","B"],"character_chosen":"IRONCLAD","items_purchased":[],"campfire_rested":0,"item_purchase_floors":[],"current_hp_per_floor":[68,68,68,67,68,63,63,44,44,37,36,42,35,41,41,23],"gold":392,"neow_bonus":"RANDOM_COLORLESS_2","is_prod":false,"is_daily":false,"chose_seed":false,"campfire_upgraded":2,"win_rate":0,"timestamp":1650646166,"path_taken":["M","M","?","M","M","E","R","E","T","?","M","M","E","?","R","BOSS"],"build_version":"2022-03-07","purchased_purges":0,"victory":false,"max_hp_per_floor":[68,68,68,68,68,68,68,68,68,68,68,68,68,68,68,68],"relic_stats":{"Happy Flower":[6],"counters":[11,36],"obtain_stats":[{"Happy Flower":8,"Molten Egg 2":6,"Burning Blood":0,"Akabeko":13},{"Happy Flower":6,"Molten Egg 2":5,"Burning Blood":0,"Akabeko":9},{"Happy Flower":18,"Molten Egg 2":12,"Burning Blood":0,"Akabeko":26}],"Burning Blood":50},"card_choices":[{"not_picked":["Thinking Ahead","Secret Technique"],"picked":"Metamorphosis","floor":0.0},{"not_picked":["Sword Boomerang","Ghostly Armor"],"picked":"Whirlwind","floor":1.0},{"not_picked":["Clothesline","Power Through"],"picked":"Thunderclap","floor":2.0},{"not_picked":["Havoc","Clothesline"],"picked":"Thunderclap","floor":4.0},{"not_picked":["Clothesline","Exhume"],"picked":"Burning Pact","floor":5.0},{"not_picked":["Sever Soul+1","Whirlwind+1"],"picked":"Inflame","floor":6.0},{"not_picked":["Rupture","Wild Strike+1"],"picked":"Flex","floor":8.0},{"not_picked":["Sentinel","Havoc"],"picked":"True Grit","floor":11.0},{"not_picked":["Body Slam+1","Seeing Red","Intimidate"],"picked":"SKIP","floor":12.0},{"not_picked":["Body Slam+1","Seeing Red","Intimidate"],"picked":"SKIP","floor":12.0},{"not_picked":["Thunderclap+1","Sword Boomerang+1"],"picked":"Impervious","floor":13.0},{"not_picked":["Hemokinesis+1","Flex"],"picked":"Cleave+1","floor":14.0}],"player_experience":6732385,"relics_obtained":[{"floor":6.0,"key":"Molten Egg 2"},{"floor":8.0,"key":"Happy Flower"},{"floor":13.0,"key":"Akabeko"}],"event_choices":[{"damage_healed":0.0,"max_hp_gain":0.0,"max_hp_loss":0.0,"gold_gain":0.0,"event_name":"Living Wall","player_choice":"Grow","floor":3.0,"gold_loss":0.0,"damage_taken":0.0,"cards_upgraded":["Whirlwind"]},{"cards_removed":["Strike_R"],"damage_healed":0.0,"max_hp_gain":0.0,"max_hp_loss":0.0,"gold_gain":0.0,"event_name":"Golden Wing","player_choice":"Card Removal","floor":10.0,"gold_loss":0.0,"damage_taken":7.0}],"is_beta":false,"boss_relics":[],"items_purged_floors":[],"is_endless":false,"potions_floor_spawned":[1,4,8,13,14,16],"killed_by":"Hexaghost","ascension_level":20}