{"gold_per_floor":[12,25,35,48,48,48,83,101,101,112,112,122,151,151,151,226,226,242,92,111,122,140,172,172,172,172,199,215,244,244,270,270,344,344,364,53,53,71,84,84,97,122,122,153,153,153,185,485,485,485,485,485,485,10,39,39],"floor_reached":57,"playtime":4691,"items_purged":["Strike_R","Strike_R","Defend_R"],"score":2789,"play_id":"5f27a447-8ee9-4f2a-addc-950e622a5169","local_time":"20220427192757","is_ascension_mode":true,"campfire_choices":[{"data":"Flex","floor":6,"key":"SMITH"},{"data":"Pommel Strike","floor":11,"key":"SMITH"},{"floor":15,"key":"REST"},{"data":"Fiend Fire","floor":24,"key":"SMITH"},{"floor":30,"key":"REST"},{"data":"Shockwave","floor":32,"key":"SMITH"},{"data":"Demon Form","floor":40,"key":"SMITH"},{"floor":49,"key":"RECALL"},{"floor":53,"key":"REST"}],"neow_cost":"NO_GOLD","seed_source_timestamp":1923669137152200,"circlet_count":0,"master_deck":["AscendersBane","Strike_R","Strike_R","Strike_R","Defend_R","Defend_R","Defend_R","Bash","Master of Strategy","Pommel Strike+1","Flex+1","Anger","Metallicize","Spot Weakness","Twin Strike","Pain","Fiend Fire+1","Sword Boomerang+1","Shockwave+1","Burning Pact","Shrug It Off","Burning Pact+1","Barricade","Demon Form+1","Disarm+1","Shockwave","Dark Embrace","Sever Soul","Inflame+1","True Grit+1","Demon Form+1","Reaper"],"relics":["Black Blood","Bird Faced Urn","Mummified Hand","Du-Vu Doll","TungstenRod","WarpedTongs","Calipers","Question Card","Boot","Pocketwatch","Bottled Lightning","Snecko Eye","Potion Belt","Gambling Chip","Frozen Egg 2","Nunchaku","Orichalcum","Bag of Preparation","Bag of Marbles"],"potions_floor_usage":[7,29,31,55,56,56,56,56],"damage_taken":[{"damage":5,"enemies":"2 Louse","floor":1,"turns":4},{"damage":13,"enemies":"Jaw Worm","floor":2,"turns":6},{"damage":1,"enemies":"Cultist","floor":3,"turns":3},{"damage":9,"enemies":"Large Slime","floor":4,"turns":6},{"damage":20,"enemies":"3 Sentries","floor":7,"turns":8},{"damage":14,"enemies":"Lots of Slimes","floor":8,"turns":4},{"damage":1,"enemies":"2 Fungi Beasts","floor":10,"turns":3},{"damage":11,"enemies":"Looter","floor":12,"turns":2},{"damage":26,"enemies":"Gremlin Nob","floor":13,"turns":4},{"damage":8,"enemies":"Slime Boss","floor":16,"turns":6},{"damage":9,"enemies":"2 Thieves","floor":18,"turns":4},{"damage":11,"enemies":"3 Byrds","floor":20,"turns":5},{"damage":9,"enemies":"Centurion and Healer","floor":21,"turns":4},{"damage":12,"enemies":"Snake Plant","floor":22,"turns":2},{"damage":1,"enemies":"Gremlin Leader","floor":23,"turns":6},{"damage":14,"enemies":"Book of Stabbing","floor":27,"turns":3},{"damage":27,"enemies":"Cultist and Chosen","floor":28,"turns":4},{"damage":44,"enemies":"Slavers","floor":29,"turns":7},{"damage":11,"enemies":"Book of Stabbing","floor":31,"turns":3},{"damage":27,"enemies":"Champ","floor":33,"turns":16},{"damage":14,"enemies":"3 Darklings","floor":35,"turns":6},{"damage":9,"enemies":"Orb Walker","floor":38,"turns":3},{"damage":8,"enemies":"4 Shapes","floor":39,"turns":7},{"damage":7,"enemies":"Transient","floor":41,"turns":6},{"damage":27,"enemies":"Nemesis","floor":42,"turns":5},{"damage":13,"enemies":"Reptomancer","floor":44,"turns":4},{"damage":8,"enemies":"Giant Head","floor":47,"turns":4},{"damage":26,"enemies":"Time Eater","floor":50,"turns":8},{"damage":36,"enemies":"Awakened One","floor":51,"turns":8},{"damage":22,"enemies":"Shield and Spear","floor":55,"turns":4},{"damage":119,"enemies":"The Heart","floor":56,"turns":7}],"seed_played":"5513847997099540844","potions_obtained":[{"floor":4,"key":"Strength Potion"},{"floor":12,"key":"SmokeBomb"},{"floor":13,"key":"SpeedPotion"},{"floor":18,"key":"SpeedPotion"},{"floor":22,"key":"Weak Potion"},{"floor":28,"key":"GamblersBrew"},{"floor":29,"key":"ColorlessPotion"},{"floor":33,"key":"Fire Potion"},{"floor":44,"key":"Weak Potion"},{"floor":47,"key":"Energy Potion"},{"floor":55,"key":"ColorlessPotion"}],"is_trial":false,"path_per_floor":["M","M","M","M","?","R","E","M","T","M","R","M","E","?","R","B",null,"M","$","M","M","M","E","R","?","T","E","M","E","R","E","R","B",null,"M","$","T","M","M","R","M","E","T","E","?","?","E","?","R","B","B",null,"R","$","E","B",null],"character_chosen":"IRONCLAD","items_purchased":["Shockwave","Potion Belt","Shockwave","Bag of Preparation","Demon Form+1"],"campfire_rested":3,"item_purchase_floors":[19,36,36,54,54],"current_hp_per_floor":[69,62,67,64,59,59,45,37,37,44,44,39,21,21,43,43,67,72,72,75,75,75,75,75,75,75,73,60,30,52,55,55,44,67,71,71,71,75,75,75,75,66,66,73,73,73,75,75,75,65,43,67,75,75,73,28],"gold":39,"neow_bonus":"RANDOM_COLORLESS_2","is_prod":false,"is_daily":false,"chose_seed":false,"campfire_upgraded":5,"win_rate":0,"timestamp":1651102077,"path_taken":["M","M","M","M","?","R","E","M","T","M","R","M","E","?","R","BOSS","M","$","?","M","M","E","R","?","T","E","M","E","R","E","R","BOSS","M","$","?","M","M","R","M","E","T","E","?","?","E","?","R","BOSS","BOSS","R","$","E","BOSS"],"build_version":"2022-03-07","purchased_purges":3,"victory":true,"max_hp_per_floor":[75,75,75,75,75,75,75,75,75,75,75,75,75,75,75,75,75,75,75,75,75,75,75,75,75,75,75,75,75,75,75,75,75,75,75,75,75,75,75,75,75,75,75,75,75,75,75,75,75,75,75,75,75,75,75,75],"relic_stats":{"Calipers":[2],"counters":[31,162],"Black Blood":264,"Bag of Preparation":[4],"Orichalcum":[66],"Question Card":13,"Boot":[1],"WarpedTongs":[116],"Nunchaku":[4],"Mummified Hand":[95],"Bird Faced Urn":[89],"Gambling Chip":[43],"Snecko Eye":[175,157,176,165,-220],"Bottled Lightning":"Shockwave","obtain_stats":[{"Potion Belt":36,"Calipers":23,"Black Blood":17,"Bag of Preparation":54,"Frozen Egg 2":43,"Orichalcum":47,"Question Card":26,"Boot":27,"Burning Blood":0,"WarpedTongs":14,"Du-Vu Doll":9,"Nunchaku":44,"Mummified Hand":7,"Bird Faced Urn":5,"Gambling Chip":42,"Snecko Eye":34,"Bag of Marbles":55,"Bottled Lightning":31,"TungstenRod":13,"Pocketwatch":29},{"Potion Belt":21,"Calipers":15,"Black Blood":10,"Bag of Preparation":29,"Frozen Egg 2":25,"Orichalcum":27,"Question Card":15,"Boot":16,"Burning Blood":0,"WarpedTongs":9,"Du-Vu Doll":6,"Nunchaku":26,"Mummified Hand":5,"Bird Faced Urn":4,"Gambling Chip":25,"Snecko Eye":20,"Bag of Marbles":30,"Bottled Lightning":19,"TungstenRod":9,"Pocketwatch":18},{"Potion Belt":106,"Calipers":67,"Black Blood":46,"Bag of Preparation":151,"Frozen Egg 2":127,"Orichalcum":135,"Question Card":67,"Boot":70,"Burning Blood":0,"WarpedTongs":40,"Du-Vu Doll":31,"Nunchaku":131,"Mummified Hand":27,"Bird Faced Urn":19,"Gambling Chip":127,"Snecko Eye":100,"Bag of Marbles":155,"Bottled Lightning":84,"TungstenRod":40,"Pocketwatch":81}],"TungstenRod":232,"Pocketwatch":[109]},"card_choices":[{"not_picked":["Chrysalis","Secret Technique"],"picked":"Master of Strategy","floor":0},{"not_picked":["Battle Trance","Flex"],"picked":"Pommel Strike","floor":1},{"not_picked":["Reckless Charge","Shockwave"],"picked":"Flex","floor":2},{"not_picked":["Clash","Searing Blow"],"picked":"Anger","floor":3},{"not_picked":["Body Slam","Intimidate","Warcry"],"picked":"SKIP","floor":4},{"not_picked":["Rage","Shrug It Off"],"picked":"Pummel","floor":7},{"not_picked":["Berserk","True Grit"],"picked":"Metallicize","floor":8},{"not_picked":["Anger","Reckless Charge"],"picked":"Spot Weakness","floor":10},{"not_picked":["Havoc","Perfected Strike","Flex"],"picked":"SKIP","floor":12},{"not_picked":["Barricade","Warcry"],"picked":"Twin Strike","floor":13},{"not_picked":["Demon Form","Feed"],"picked":"Fiend Fire","floor":16},{"not_picked":["Heavy Blade","Clothesline"],"picked":"Sword Boomerang+1","floor":18},{"not_picked":["Flex","Twin Strike","Body Slam"],"picked":"SKIP","floor":20},{"not_picked":["Havoc","Twin Strike","Searing Blow"],"picked":"SKIP","floor":21},{"not_picked":["Entrench","Dropkick"],"picked":"Burning Pact","floor":22},{"not_picked":["Cleave","Rupture","Body Slam"],"picked":"SKIP","floor":23},{"not_picked":["Second Wind","Twin Strike","Armaments"],"picked":"Shrug It Off","floor":27},{"not_picked":["Anger","Clash","True Grit","Twin Strike"],"picked":"SKIP","floor":28},{"not_picked":["Berserk","Flex","Pommel Strike"],"picked":"Burning Pact+1","floor":29},{"not_picked":["Twin Strike+1","Spot Weakness","Clothesline"],"picked":"Barricade","floor":31},{"not_picked":["Immolate","Berserk","Exhume"],"picked":"Demon Form","floor":33},{"not_picked":["True Grit","Armaments","Wild Strike"],"picked":"Disarm+1","floor":35},{"not_picked":["Spot Weakness","Twin Strike","Cleave"],"picked":"Dark Embrace","floor":38},{"not_picked":["Wild Strike","Spot Weakness","Clothesline","Twin Strike+1"],"picked":"SKIP","floor":39},{"not_picked":["Thunderclap","Power Through","Uppercut","True Grit"],"picked":"SKIP","floor":41},{"not_picked":["Clash","Brutality","Wild Strike+1"],"picked":"Sever Soul","floor":42},{"not_picked":["Wild Strike","Metallicize+1","Iron Wave"],"picked":"Inflame+1","floor":44},{"not_picked":["Sentinel","Blood for Blood","Anger"],"picked":"True Grit+1","floor":47},{"not_picked":["Twin Strike","Thunderclap","Anger"],"picked":"Reaper","floor":55}],"player_experience":6789451,"relics_obtained":[{"floor":7,"key":"Mummified Hand"},{"floor":9,"key":"Du-Vu Doll"},{"floor":13,"key":"TungstenRod"},{"floor":23,"key":"Calipers"},{"floor":26,"key":"Question Card"},{"floor":27,"key":"Boot"},{"floor":29,"key":"Pocketwatch"},{"floor":31,"key":"Bottled Lightning"},{"floor":42,"key":"Gambling Chip"},{"floor":43,"key":"Frozen Egg 2"},{"floor":44,"key":"Nunchaku"},{"floor":47,"key":"Orichalcum"},{"floor":55,"key":"Bag of Marbles"}],"event_choices":[{"damage_healed":0,"gold_gain":0,"player_choice":"Success","damage_taken":5,"relics_obtained":["Bird Faced Urn"],"max_hp_gain":0,"max_hp_loss":0,"event_name":"Scrap Ooze","floor":5,"gold_loss":0},{"damage_healed":0,"gold_gain":0,"player_choice":"Rummage","damage_taken":0,"relics_obtained":["WarpedTongs"],"max_hp_gain":0,"max_hp_loss":0,"event_name":"Accursed Blacksmith","floor":14,"gold_loss":0,"cards_obtained":["Pain"]},{"damage_healed":0,"gold_gain":0,"player_choice":"Ignored","damage_taken":0,"max_hp_gain":0,"max_hp_loss":0,"event_name":"N\u0027loth","floor":25,"gold_loss":0},{"damage_healed":0,"gold_gain":0,"player_choice":"Ignored","damage_taken":0,"max_hp_gain":0,"max_hp_loss":0,"event_name":"Tomb of Lord Red Mask","floor":45,"gold_loss":0},{"cards_removed":["Pummel"],"damage_healed":0,"gold_gain":0,"player_choice":"Removed Attack","damage_taken":0,"max_hp_gain":0,"max_hp_loss":0,"event_name":"Falling","floor":46,"gold_loss":0},{"damage_healed":0,"gold_gain":300,"player_choice":"Gold","damage_taken":0,"max_hp_gain":0,"max_hp_loss":0,"event_name":"Wheel of Change","floor":48,"gold_loss":0}],"is_beta":false,"boss_relics":[{"not_picked":["Sozu","SacredBark"],"picked":"Black Blood"},{"not_picked":["Runic Dome","Calling Bell"],"picked":"Snecko Eye"}],"items_purged_floors":[19,36,54],"is_endless":false,"potions_floor_spawned":[4,12,13,18,22,28,29,33,44,47,55],"ascension_level":20}