{"gold_per_floor":[118,118,133,149,162,162,190,190,190,190,204,218,246,211,211,285,285,297,311,322,86,86,86,86,103,103,103,113,113,28,58,58,136,136,156,156,168,182,195,234,568,568,568,568,299,299,312,356,356,356,356,356,356,28,54,54],"floor_reached":57,"playtime":4656,"items_purged":["Strike_R","Anger","Strike_R+1"],"score":3134,"play_id":"43251086-6c66-4cf5-b675-48bc5a6379f3","local_time":"20220519171442","is_ascension_mode":true,"campfire_choices":[{"data":"Juggernaut","floor":6,"key":"SMITH"},{"data":"True Grit","floor":8,"key":"SMITH"},{"floor":10,"key":"REST"},{"data":"Juggernaut","floor":15,"key":"SMITH"},{"data":"Offering","floor":23,"key":"SMITH"},{"data":"Ghostly","floor":27,"key":"SMITH"},{"data":"Entrench","floor":32,"key":"SMITH"},{"data":"Pommel Strike","floor":42,"key":"SMITH"},{"floor":44,"key":"RECALL"},{"data":"Shrug It Off","floor":49,"key":"SMITH"},{"data":"Exhume","floor":53,"key":"SMITH"}],"neow_cost":"TEN_PERCENT_HP_LOSS","seed_source_timestamp":460062489174400,"shop_contents":[{"floor":21,"relics":["Meat on the Bone","HandDrill"],"cards":["Fiend Fire","Reaper","Flex","Havoc","Evolve","Good Instincts","Thinking Ahead"],"potions":["AttackPotion","HeartOfIron","AttackPotion"]},{"floor":45,"relics":["Paper Frog","Peace Pipe"],"cards":["Blood for Blood","Iron Wave","Warcry","Flame Barrier","Rupture+1","Mind Blast","Panache+1"],"potions":["ColorlessPotion","Ancient Potion","ElixirPotion"]},{"floor":54,"relics":["Happy Flower","Unceasing Top"],"cards":["Body Slam","Sword Boomerang","Warcry","Havoc","Purity","Apotheosis"],"potions":["FearPotion","SteroidPotion"]}],"circlet_count":0,"master_deck":["AscendersBane","Defend_R+1","Defend_R+1","Defend_R+1","Defend_R+1","Bash","Juggernaut+1","Juggernaut+1","Headbutt","Offering+1","True Grit+1","Metallicize","Ghostly+1","Ghostly","Ghostly","Entrench+1","Exhume+1","True Grit+1","Second Wind+1","Shrug It Off+1","Pommel Strike+1","Shrug It Off+1","Barricade+1"],"potion_use_per_floor":[[],[],[],[],[],[],["SkillPotion"],[],[],[],[],[],["BlessingOfTheForge"],[],[],[],[],[],[],[],[],[],[],[],["LiquidBronze"],[],[],[],[],[],["AttackPotion"],[],["LiquidMemories","Weak Potion"],[],[],[],[],[],[],["SkillPotion"],[],[],[],[],[],[],[],["Fruit Juice"],[],[],[],[],[],[],[],["DistilledChaos","Regen Potion","Swift Potion"],[]],"relics":["Burning Blood","Potion Belt","Oddly Smooth Stone","Bottled Lightning","Runic Dome","Anchor","Frozen Egg 2","Mercury Hourglass","Ancient Tea Set","SlaversCollar","CeramicFish","Old Coin","TheAbacus","White Beast Statue","Membership Card","Ginger"],"potions_floor_usage":[7,13,25,31,33,33,40,48,56,56,56],"damage_taken":[{"damage":7,"enemies":"Cultist","floor":1,"turns":4},{"damage":7,"enemies":"Jaw Worm","floor":3,"turns":4},{"damage":9,"enemies":"Small Slimes","floor":4,"turns":4},{"damage":8,"enemies":"Looter","floor":5,"turns":3},{"damage":41,"enemies":"Gremlin Nob","floor":7,"turns":4},{"damage":5,"enemies":"2 Fungi Beasts","floor":11,"turns":3},{"damage":12,"enemies":"3 Louse","floor":12,"turns":3},{"damage":22,"enemies":"3 Sentries","floor":13,"turns":7},{"damage":13,"enemies":"The Guardian","floor":16,"turns":8},{"damage":13,"enemies":"Shell Parasite","floor":18,"turns":6},{"damage":9,"enemies":"Chosen","floor":19,"turns":3},{"damage":15,"enemies":"Centurion and Healer","floor":20,"turns":5},{"damage":12,"enemies":"Chosen and Byrds","floor":25,"turns":4},{"damage":1,"enemies":"Snecko","floor":28,"turns":4},{"damage":1,"enemies":"Slavers","floor":31,"turns":3},{"damage":1,"enemies":"Collector","floor":33,"turns":9},{"damage":2,"enemies":"Orb Walker","floor":35,"turns":4},{"damage":2,"enemies":"3 Shapes","floor":37,"turns":4},{"damage":1,"enemies":"3 Darklings","floor":38,"turns":5},{"damage":7,"enemies":"Jaw Worm Horde","floor":39,"turns":4},{"damage":1,"enemies":"Giant Head","floor":40,"turns":9},{"damage":1,"enemies":"Mind Bloom Boss Battle","floor":41,"turns":6},{"damage":1,"enemies":"4 Shapes","floor":47,"turns":4},{"damage":19,"enemies":"Nemesis","floor":48,"turns":5},{"damage":17,"enemies":"Time Eater","floor":50,"turns":8},{"damage":2,"enemies":"Awakened One","floor":51,"turns":12},{"damage":1,"enemies":"Shield and Spear","floor":55,"turns":8},{"damage":7,"enemies":"The Heart","floor":56,"turns":10}],"seed_played":"-788832549101560624","neow_bonus_log":{"cardsObtained":["Juggernaut","Juggernaut"],"cardsUpgraded":[],"cardsRemoved":[],"cardsTransformed":["Strike_R","Strike_R"],"relicsObtained":[],"maxHpGained":0,"goldGained":0,"damageTaken":0,"goldLost":0,"maxHpLost":7},"potions_obtained":[{"floor":3,"key":"LiquidBronze"},{"floor":5,"key":"SkillPotion"},{"floor":12,"key":"BlessingOfTheForge"},{"floor":13,"key":"SkillPotion"},{"floor":16,"key":"SteroidPotion"},{"floor":18,"key":"LiquidMemories"},{"floor":28,"key":"AttackPotion"},{"floor":31,"key":"Weak Potion"},{"floor":38,"key":"DistilledChaos"},{"floor":41,"key":"FearPotion"},{"floor":47,"key":"Fruit Juice"},{"floor":48,"key":"Regen Potion"}],"is_trial":false,"path_per_floor":["M","?","M","M","M","R","E","R","T","R","M","M","E","?","R","B",null,"M","M","M","$","?","R","?","M","T","R","M","?","?","E","R","B",null,"M","?","M","M","M","E","?","R","T","R","$","?","M","E","R","B","B",null,"R","$","E","B",null],"character_chosen":"IRONCLAD","items_purchased":["Anchor","TheAbacus","Membership Card","Barricade+1","Swift Potion"],"campfire_rested":1,"item_purchase_floors":[21,45,54,54,54],"current_hp_per_floor":[67,60,59,56,54,54,19,19,19,39,40,34,18,35,35,28,58,51,48,39,39,34,34,34,28,28,28,33,33,33,34,34,34,34,34,34,34,34,33,34,34,34,34,34,34,34,34,26,26,15,19,34,34,34,39,39],"gold":54,"neow_bonus":"TRANSFORM_TWO_CARDS","is_prod":false,"is_daily":false,"rewards_skipped":[{"floor":55,"relics":[],"potions":["SteroidPotion"]}],"chose_seed":false,"campfire_upgraded":9,"win_rate":0,"floor_exit_playtime":[284,342,442,520,639,671,870,894,903,909,994,1086,1234,1247,1264,1417,1542,1634,1707,1822,1918,1945,1957,1969,2083,2094,2105,2184,2204,2212,2312,2327,2601,2641,2725,2728,2789,2867,2943,3176,3353,3358,3362,3365,3482,3491,3567,3669,3682,3843,4127,4143,4165,4254,4396,4656],"timestamp":1652994882,"blue_key_relic_skipped_log":{"floor":43,"relicID":"Lantern"},"path_taken":["M","?","M","M","M","R","E","R","T","R","M","M","E","?","R","BOSS","M","M","M","$","?","R","?","M","T","R","M","?","?","E","R","BOSS","M","?","M","M","M","E","?","R","T","R","$","?","M","E","R","BOSS","BOSS","R","$","E","BOSS"],"build_version":"2022-03-07","purchased_purges":3,"victory":true,"max_hp_per_floor":[68,68,68,68,68,68,68,68,68,68,68,68,68,68,68,68,68,68,68,68,68,34,34,34,34,34,34,34,34,34,34,34,34,34,34,34,34,34,34,34,34,34,34,34,34,34,34,39,39,39,39,39,39,39,39,39],"relic_stats":{"TheAbacus":[504],"counters":[28,152],"CeramicFish":36,"Bottled Lightning":"Offering","Membership Card":171,"Ginger":[2],"Ancient Tea Set":[8],"obtain_stats":[{"Potion Belt":7,"CeramicFish":40,"Oddly Smooth Stone":9,"Ginger":55,"Frozen Egg 2":26,"Ancient Tea Set":31,"Burning Blood":0,"White Beast Statue":48,"Mercury Hourglass":30,"Old Coin":41,"Runic Dome":17,"SlaversCollar":34,"Anchor":21,"TheAbacus":45,"Bottled Lightning":13,"Membership Card":54},{"Potion Belt":5,"CeramicFish":21,"Oddly Smooth Stone":5,"Ginger":27,"Frozen Egg 2":13,"Ancient Tea Set":15,"Burning Blood":0,"White Beast Statue":24,"Mercury Hourglass":14,"Old Coin":22,"Runic Dome":9,"SlaversCollar":16,"Anchor":12,"TheAbacus":22,"Bottled Lightning":8,"Membership Card":26},{"Potion Belt":19,"CeramicFish":100,"Oddly Smooth Stone":19,"Ginger":143,"Frozen Egg 2":58,"Ancient Tea Set":65,"Burning Blood":0,"White Beast Statue":115,"Mercury Hourglass":62,"Old Coin":106,"Runic Dome":40,"SlaversCollar":74,"Anchor":54,"TheAbacus":106,"Bottled Lightning":32,"Membership Card":135}],"Burning Blood":126,"White Beast Statue":[0.0,0.0,0.0,0.4,0.0,0.6000000000000001,0.0,0.0,0.0,0.0,0.0,0.4],"Mercury Hourglass":[383]},"card_choices":[{"not_picked":["Cleave","Carnage"],"picked":"Headbutt","floor":1},{"not_picked":["Sword Boomerang","Havoc"],"picked":"Anger","floor":3},{"not_picked":["Armaments","Infernal Blade"],"picked":"Offering","floor":4},{"not_picked":["Anger","Rampage"],"picked":"True Grit","floor":5},{"not_picked":["Perfected Strike","Infernal Blade","Corruption"],"picked":"SKIP","floor":7},{"not_picked":["Twin Strike","Bloodletting","Carnage"],"picked":"SKIP","floor":11},{"not_picked":["Thunderclap","Havoc","Clash"],"picked":"SKIP","floor":12},{"not_picked":["Infernal Blade","Twin Strike"],"picked":"Metallicize","floor":13},{"not_picked":["Sword Boomerang","True Grit","Inflame"],"picked":"SKIP","floor":18},{"not_picked":["Wild Strike","Thunderclap","Spot Weakness"],"picked":"SKIP","floor":19},{"not_picked":["Metallicize","Pummel+1","Clothesline"],"picked":"SKIP","floor":20},{"not_picked":["Sword Boomerang","Demon Form","Armaments"],"picked":"SKIP","floor":25},{"not_picked":["Havoc+1","Flex"],"picked":"Entrench","floor":28},{"not_picked":["Pommel Strike","Carnage","Brutality+1"],"picked":"SKIP","floor":31},{"not_picked":["Demon Form+1","Limit Break"],"picked":"Exhume","floor":33},{"not_picked":["Headbutt","Body Slam"],"picked":"True Grit+1","floor":35},{"not_picked":["Perfected Strike","Havoc"],"picked":"Second Wind+1","floor":37},{"not_picked":["Body Slam","Warcry","Thunderclap+1"],"picked":"SKIP","floor":38},{"not_picked":["Twin Strike","Heavy Blade+1","Armaments"],"picked":"SKIP","floor":39},{"not_picked":["Pommel Strike+1","Warcry+1"],"picked":"Shrug It Off","floor":40},{"not_picked":["Clothesline","Reaper"],"picked":"Pommel Strike","floor":41},{"not_picked":["Iron Wave","Heavy Blade","Fire Breathing+1"],"picked":"SKIP","floor":47},{"not_picked":["Disarm","Headbutt+1"],"picked":"Shrug It Off","floor":48},{"not_picked":["Pummel","Berserk+1","Clash"],"picked":"SKIP","floor":55}],"player_experience":6979215,"relics_obtained":[{"floor":7,"key":"Potion Belt"},{"floor":9,"key":"Oddly Smooth Stone"},{"floor":13,"key":"Bottled Lightning"},{"floor":26,"key":"Frozen Egg 2"},{"floor":31,"key":"Ancient Tea Set"},{"floor":40,"key":"CeramicFish"},{"floor":41,"key":"Old Coin"},{"floor":48,"key":"White Beast Statue"},{"floor":55,"key":"Ginger"}],"event_choices":[{"cards_removed":["Strike_R"],"damage_healed":0,"gold_gain":0,"player_choice":"Card Removal","damage_taken":7,"max_hp_gain":0,"max_hp_loss":0,"event_name":"Golden Wing","floor":2,"gold_loss":0},{"damage_healed":17,"gold_gain":0,"player_choice":"Healed","damage_taken":0,"max_hp_gain":0,"max_hp_loss":0,"event_name":"The Cleric","floor":14,"gold_loss":35},{"damage_healed":0,"gold_gain":0,"player_choice":"Became a Ghost","damage_taken":0,"max_hp_gain":0,"max_hp_loss":34,"event_name":"Ghosts","floor":22,"gold_loss":0,"cards_obtained":["Ghostly","Ghostly","Ghostly"]},{"damage_healed":0,"gold_gain":0,"player_choice":"Simplicity","damage_taken":0,"max_hp_gain":0,"max_hp_loss":0,"event_name":"Back to Basics","floor":24,"gold_loss":0,"cards_upgraded":["Strike_R","Defend_R","Defend_R","Defend_R","Defend_R"]},{"damage_healed":0,"gold_gain":0,"player_choice":"Ignored","damage_taken":0,"max_hp_gain":0,"max_hp_loss":0,"event_name":"Vampires","floor":29,"gold_loss":0},{"damage_healed":0,"gold_gain":0,"player_choice":"Obtained Relic","damage_taken":0,"relics_obtained":["Mercury Hourglass"],"max_hp_gain":0,"max_hp_loss":0,"event_name":"Addict","floor":30,"gold_loss":85},{"damage_healed":0,"gold_gain":0,"player_choice":"Ignored","damage_taken":0,"max_hp_gain":0,"max_hp_loss":0,"event_name":"Tomb of Lord Red Mask","floor":36,"gold_loss":0},{"damage_healed":0,"gold_gain":0,"player_choice":"Fight","damage_taken":0,"max_hp_gain":0,"max_hp_loss":0,"event_name":"MindBloom","floor":41,"gold_loss":0},{"damage_healed":0,"gold_gain":0,"player_choice":"Upgraded","damage_taken":0,"max_hp_gain":0,"max_hp_loss":0,"event_name":"Upgrade Shrine","floor":46,"gold_loss":0,"cards_upgraded":["Shrug It Off"]}],"is_beta":false,"boss_relics":[{"not_picked":["Mark of Pain","Astrolabe"],"picked":"Runic Dome"},{"not_picked":["Philosopher\u0027s Stone","Sozu"],"picked":"SlaversCollar"}],"items_purged_floors":[21,45,54],"is_endless":false,"potions_floor_spawned":[3,5,12,13,16,18,28,31,38,41,47,48,55],"ascension_level":20,"potion_discard_per_floor":[[],[],[],[],[],[],[],[],[],[],[],[],[],[],[],[],[],[],[],[],[],[],[],[],[],[],[],[],[],[],[],[],[],[],[],[],[],[],[],[],[],[],[],[],[],[],[],[],[],[],[],[],[],["SteroidPotion"],[],[],[]]}