{"gold_per_floor":[13,28,42,42,42,71,71,104,104,104,139,139,64,79,79,79],"floor_reached":16,"playtime":853,"items_purged":[],"score":286,"play_id":"c9fb921e-0f7d-4246-9b97-919480703459","local_time":"20220518150041","is_ascension_mode":true,"campfire_choices":[{"data":"Immolate","floor":7,"key":"SMITH"},{"floor":10,"key":"DIG"},{"floor":12,"key":"DIG"},{"data":"Dropkick","floor":15,"key":"SMITH"}],"neow_cost":"NO_GOLD","seed_source_timestamp":369450428547700,"shop_contents":[],"circlet_count":0,"master_deck":["AscendersBane","Strike_R","Strike_R","Strike_R","Strike_R","Strike_R","Defend_R+1","Defend_R","Defend_R","Bash","Immolate+1","Rage","Uppercut+1","Dropkick+1","Shrug It Off","Shrug It Off+1"],"potion_use_per_floor":[[],[],[],[],[],["ElixirPotion","Weak Potion"],[],[],[],[],[],[],[],[],[],[]],"relics":["Burning Blood","Ancient Tea Set","Shovel","The Courier","Omamori","Toxic Egg 2","CeramicFish"],"potions_floor_usage":[6,6],"damage_taken":[{"damage":7,"enemies":"Jaw Worm","floor":1,"turns":4},{"damage":2,"enemies":"2 Louse","floor":2,"turns":3},{"damage":0,"enemies":"Small Slimes","floor":3,"turns":2},{"damage":18,"enemies":"Lagavulin","floor":6,"turns":7},{"damage":0,"enemies":"Gremlin Nob","floor":8,"turns":2},{"damage":25,"enemies":"3 Sentries","floor":11,"turns":6},{"damage":1,"enemies":"Blue Slaver","floor":14,"turns":3},{"damage":34,"enemies":"Hexaghost","floor":16,"turns":9}],"seed_played":"2661644973092596739","neow_bonus_log":{"cardsObtained":[],"cardsUpgraded":[],"cardsRemoved":[],"cardsTransformed":[],"relicsObtained":[],"maxHpGained":0,"goldGained":0,"damageTaken":0,"goldLost":99,"maxHpLost":0},"potions_obtained":[{"floor":1,"key":"SmokeBomb"},{"floor":2,"key":"Weak Potion"},{"floor":3,"key":"ElixirPotion"},{"floor":11,"key":"Ancient Potion"}],"is_trial":false,"path_per_floor":["M","M","M","?","?","E","R","E","T","R","E","R","?","M","R","B"],"character_chosen":"IRONCLAD","items_purchased":[],"campfire_rested":0,"item_purchase_floors":[],"current_hp_per_floor":[67,71,75,75,52,40,40,46,46,46,27,27,27,32,32,0],"gold":79,"neow_bonus":"THREE_RARE_CARDS","is_prod":false,"is_daily":false,"rewards_skipped":[],"chose_seed":false,"campfire_upgraded":2,"win_rate":0,"floor_exit_playtime":[221,253,293,303,315,451,459,513,520,535,616,630,656,740,745],"timestamp":1652900441,"path_taken":["M","M","M","?","?","E","R","E","T","R","E","R","?","M","R","BOSS"],"build_version":"2022-03-07","purchased_purges":0,"victory":false,"max_hp_per_floor":[75,75,75,75,75,75,75,75,75,75,75,75,75,75,75,75],"relic_stats":{"Shovel":2,"counters":[8,36],"CeramicFish":0,"The Courier":0,"Omamori":0,"Ancient Tea Set":[8],"obtain_stats":[{"Shovel":8,"CeramicFish":12,"The Courier":9,"Omamori":10,"Toxic Egg 2":11,"Ancient Tea Set":6,"Burning Blood":0},{"Shovel":5,"CeramicFish":6,"The Courier":5,"Omamori":5,"Toxic Egg 2":6,"Ancient Tea Set":4,"Burning Blood":0},{"Shovel":18,"CeramicFish":24,"The Courier":18,"Omamori":18,"Toxic Egg 2":24,"Ancient Tea Set":16,"Burning Blood":0}],"Burning Blood":40},"card_choices":[{"not_picked":["Corruption","Bludgeon"],"picked":"Immolate","floor":0},{"not_picked":["Sword Boomerang","Cleave"],"picked":"Rage","floor":1},{"not_picked":["Combust","Sever Soul"],"picked":"Uppercut","floor":2},{"not_picked":["Disarm","Twin Strike"],"picked":"Dropkick","floor":3},{"not_picked":["Infernal Blade","Evolve"],"picked":"Shrug It Off","floor":6},{"not_picked":["Rampage","Perfected Strike","Flame Barrier"],"picked":"SKIP","floor":8},{"not_picked":["Clothesline","Iron Wave"],"picked":"Shrug It Off+1","floor":11},{"not_picked":["Searing Blow","Iron Wave","Cleave"],"picked":"SKIP","floor":14},{"not_picked":["Searing Blow","Iron Wave","Cleave"],"picked":"SKIP","floor":14}],"player_experience":6977140,"relics_obtained":[{"floor":6,"key":"Ancient Tea Set"},{"floor":8,"key":"Shovel"},{"floor":9,"key":"The Courier"},{"floor":10,"key":"Omamori"},{"floor":11,"key":"Toxic Egg 2"},{"floor":12,"key":"CeramicFish"}],"event_choices":[{"damage_healed":0,"gold_gain":0,"player_choice":"Ignored","damage_taken":0,"max_hp_gain":0,"max_hp_loss":0,"event_name":"Liars Game","floor":4,"gold_loss":0},{"damage_healed":0,"gold_gain":0,"player_choice":"Entered Light","damage_taken":23,"max_hp_gain":0,"max_hp_loss":0,"event_name":"Shining Light","floor":5,"gold_loss":0,"cards_upgraded":["Uppercut","Defend_R"]},{"cards_removed":["Defend_R"],"damage_healed":0,"gold_gain":0,"player_choice":"Card Removal","damage_taken":0,"max_hp_gain":0,"max_hp_loss":0,"event_name":"The Cleric","floor":13,"gold_loss":75}],"is_beta":false,"boss_relics":[],"items_purged_floors":[],"is_endless":false,"potions_floor_spawned":[1,2,3,11],"killed_by":"Hexaghost","ascension_level":20,"potion_discard_per_floor":[[],[],["SmokeBomb"],[],[],[],[],[],[],[],[],[],[],[],[],[]]}