{"gold_per_floor":[114,132,152,152,117,152,152,152,175,206,222,222,261,282,282,378,378,393,407,61,76,76,76,109,178,205,226,226,267,267,367,367,463,463,487,510,525,644,57,57,73,107,165,177,239,634,708,750,762,774,786,798,810,170,214,214],"floor_reached":57,"playtime":4902,"items_purged":["Strike_R","Strike_R"],"score":2865,"play_id":"5b655704-76ca-48a1-8d63-6f51b5a28211","local_time":"20220511133645","is_ascension_mode":true,"campfire_choices":[{"data":"Immolate","floor":7,"key":"SMITH"},{"data":"True Grit","floor":15,"key":"SMITH"},{"data":"1","floor":23,"key":"LIFT"},{"data":"Flex","floor":28,"key":"SMITH"},{"data":"2","floor":30,"key":"LIFT"},{"data":"3","floor":32,"key":"LIFT"},{"data":"Corruption","floor":40,"key":"SMITH"},{"data":"Dark Embrace","floor":44,"key":"SMITH"},{"floor":49,"key":"RECALL"},{"data":"Feel No Pain","floor":53,"key":"SMITH"}],"neow_cost":"TEN_PERCENT_HP_LOSS","seed_source_timestamp":3111957650304700,"shop_contents":[{"floor":20,"relics":["Omamori","Centennial Puzzle"],"cards":["Body Slam","Carnage","Seeing Red","Warcry","Combust","Chrysalis"],"potions":["SteroidPotion","Dexterity Potion","Dexterity Potion"]},{"floor":39,"relics":["Happy Flower","Singing Bowl"],"cards":["Immolate","True Grit","Thinking Ahead"],"potions":["FearPotion","LiquidMemories","Dexterity Potion"]},{"floor":54,"relics":[],"cards":["Clash","Hemokinesis","Spot Weakness","Good Instincts"],"potions":["EssenceOfSteel","HeartOfIron","SteroidPotion"]}],"circlet_count":0,"master_deck":["AscendersBane","Defend_R","Defend_R","Defend_R","Defend_R+1","Bash","Immolate+1","Feel No Pain","Reckless Charge","True Grit","Shockwave","True Grit+1","Sentinel","Battle Trance","Limit Break+1","Feel No Pain+1","Dark Shackles","Anger","Uppercut+1","Warcry","Flex+1","Dark Embrace+1","Corruption+1","Reckless Charge","Pommel Strike+1","Feel No Pain","Second Wind","PanicButton","Fiend Fire","Bloodletting","Evolve","Burning Pact","Thinking Ahead","Reckless Charge+1"],"potion_use_per_floor":[[],[],[],[],[],["Weak Potion"],[],[],[],[],[],[],["FearPotion"],[],[],[],[],[],["Block Potion"],[],[],[],[],["DistilledChaos"],[],[],[],[],[],[],[],[],[],[],[],[],[],[],[],[],[],[],[],[],[],[],[],[],[],[],[],[],[],[],[],["LiquidMemories"],[]],"relics":["Burning Blood","Bag of Preparation","Akabeko","Art of War","Girya","Runic Pyramid","ClockworkSouvenir","SsserpentHead","War Paint","Pen Nib","Pear","Empty Cage","Calipers","Brimstone","MawBank","CeramicFish","Membership Card","Pantograph","Bottled Flame","Shuriken"],"potions_floor_usage":[6,13,19,24,56],"damage_taken":[{"damage":6,"enemies":"2 Louse","floor":1,"turns":3},{"damage":7,"enemies":"Jaw Worm","floor":2,"turns":3},{"damage":0,"enemies":"Small Slimes","floor":3,"turns":1},{"damage":34,"enemies":"Gremlin Nob","floor":6,"turns":5},{"damage":0,"enemies":"3 Sentries","floor":10,"turns":2},{"damage":3,"enemies":"Gremlin Gang","floor":11,"turns":2},{"damage":2,"enemies":"Gremlin Nob","floor":13,"turns":3},{"damage":0,"enemies":"3 Louse","floor":14,"turns":1},{"damage":3,"enemies":"The Guardian","floor":16,"turns":14},{"damage":10,"enemies":"Spheric Guardian","floor":18,"turns":5},{"damage":3,"enemies":"2 Thieves","floor":19,"turns":3},{"damage":7,"enemies":"Shelled Parasite and Fungi","floor":21,"turns":5},{"damage":0,"enemies":"Gremlin Leader","floor":24,"turns":6},{"damage":0,"enemies":"Snecko","floor":25,"turns":4},{"damage":1,"enemies":"Centurion and Healer","floor":27,"turns":6},{"damage":3,"enemies":"Book of Stabbing","floor":29,"turns":5},{"damage":10,"enemies":"Automaton","floor":33,"turns":7},{"damage":0,"enemies":"3 Shapes","floor":35,"turns":2},{"damage":1,"enemies":"Orb Walker","floor":36,"turns":3},{"damage":5,"enemies":"3 Darklings","floor":37,"turns":3},{"damage":7,"enemies":"2 Orb Walkers","floor":38,"turns":3},{"damage":0,"enemies":"Transient","floor":41,"turns":6},{"damage":0,"enemies":"Nemesis","floor":42,"turns":3},{"damage":0,"enemies":"Spire Growth","floor":47,"turns":2},{"damage":21,"enemies":"Reptomancer","floor":48,"turns":3},{"damage":18,"enemies":"Time Eater","floor":50,"turns":5},{"damage":13,"enemies":"Awakened One","floor":51,"turns":6},{"damage":8,"enemies":"Shield and Spear","floor":55,"turns":4},{"damage":36,"enemies":"The Heart","floor":56,"turns":7}],"seed_played":"-2226538391546842050","neow_bonus_log":{"cardsObtained":[],"cardsUpgraded":[],"cardsRemoved":[],"cardsTransformed":[],"relicsObtained":[],"maxHpGained":0,"goldGained":0,"damageTaken":0,"goldLost":0,"maxHpLost":7},"potions_obtained":[{"floor":3,"key":"Weak Potion"},{"floor":6,"key":"FearPotion"},{"floor":10,"key":"ElixirPotion"},{"floor":13,"key":"DistilledChaos"},{"floor":16,"key":"Block Potion"},{"floor":21,"key":"Block Potion"},{"floor":27,"key":"FairyPotion"},{"floor":36,"key":"Energy Potion"},{"floor":37,"key":"LiquidMemories"}],"is_trial":false,"path_per_floor":["M","M","M","?","?","E","R","?","T","E","M","?","E","M","R","B",null,"M","M","$","M","?","R","E","M","T","M","R","E","R","?","R","B",null,"M","M","M","?","$","R","M","E","T","R","?","?","M","E","R","B","B",null,"R","$","E","B",null],"character_chosen":"IRONCLAD","items_purchased":["ClockworkSouvenir","Dark Shackles","Brimstone","Feel No Pain","Second Wind","PanicButton","Fiend Fire","Membership Card","Pantograph","Evolve","Burning Pact","Thinking Ahead","Bottled Flame"],"campfire_rested":0,"item_purchase_floors":[20,20,39,39,39,39,39,54,54,54,54,54,54],"current_hp_per_floor":[68,67,68,45,62,34,34,34,34,40,43,43,47,53,53,56,65,61,64,64,63,63,63,68,68,68,68,68,78,78,78,78,74,77,78,78,78,77,77,77,78,78,78,78,78,78,78,63,63,51,44,70,70,70,68,48],"gold":214,"neow_bonus":"THREE_RARE_CARDS","is_prod":false,"is_daily":false,"rewards_skipped":[{"floor":29,"relics":[],"potions":["Swift Potion"]},{"floor":47,"relics":[],"potions":["Fire Potion"]}],"chose_seed":false,"campfire_upgraded":6,"win_rate":0,"floor_exit_playtime":[512,605,761,864,871,1009,1015,1052,1058,1102,1258,1269,1393,1424,1433,1687,1862,1966,2009,2088,2277,2309,2317,2519,2601,2607,2688,2694,2818,2823,2845,2856,3040,3169,3275,3329,3395,3522,3649,3661,3784,3870,3877,3886,3893,3918,3958,4034,4039,4154,4307,4326,4340,4445,4659,4902],"timestamp":1652290605,"blue_key_relic_skipped_log":{"floor":43,"relicID":"Potion Belt"},"path_taken":["M","M","M","?","?","E","R","?","T","E","M","?","E","M","R","BOSS","M","?","$","M","?","R","E","?","T","M","R","E","R","?","R","BOSS","M","M","M","?","$","R","M","E","T","R","?","?","?","E","R","BOSS","BOSS","R","$","E","BOSS"],"build_version":"2022-03-07","purchased_purges":2,"victory":true,"max_hp_per_floor":[68,68,68,68,68,68,68,68,68,68,68,68,68,68,68,68,68,68,68,68,68,68,68,68,68,68,68,68,78,78,78,78,78,78,78,78,78,78,78,78,78,78,78,78,78,78,78,78,78,78,78,78,78,78,78,78],"relic_stats":{"Girya":3,"Calipers":[714],"counters":[29,122],"CeramicFish":36,"Pen Nib":[12],"Bag of Preparation":[50],"War Paint":["Defend_R","Limit Break"],"MawBank":144,"Burning Blood":126,"SsserpentHead":300,"Bottled Flame":"Fiend Fire","Shuriken":[5],"Pantograph":10,"Art of War":[29],"Membership Card":511,"obtain_stats":[{"Girya":13,"Pear":29,"Calipers":38,"Golden Idol":4,"CeramicFish":48,"Pen Nib":26,"Bag of Preparation":6,"War Paint":24,"Empty Cage":34,"MawBank":42,"Burning Blood":0,"Akabeko":9,"ClockworkSouvenir":20,"SsserpentHead":22,"Bottled Flame":54,"Brimstone":39,"Shuriken":55,"Pantograph":54,"Art of War":10,"Membership Card":54,"Runic Pyramid":17},{"Girya":7,"Pear":16,"Calipers":21,"Golden Idol":3,"CeramicFish":25,"Pen Nib":14,"Bag of Preparation":4,"War Paint":13,"Empty Cage":17,"MawBank":23,"Burning Blood":0,"Akabeko":4,"ClockworkSouvenir":11,"SsserpentHead":12,"Bottled Flame":27,"Brimstone":21,"Shuriken":28,"Pantograph":27,"Art of War":5,"Membership Card":27,"Runic Pyramid":9},{"Girya":19,"Pear":68,"Calipers":86,"Golden Idol":7,"CeramicFish":100,"Pen Nib":57,"Bag of Preparation":12,"War Paint":53,"Empty Cage":75,"MawBank":95,"Burning Blood":0,"Akabeko":12,"ClockworkSouvenir":42,"SsserpentHead":47,"Bottled Flame":111,"Brimstone":86,"Shuriken":115,"Pantograph":111,"Art of War":14,"Membership Card":111,"Runic Pyramid":34}]},"card_choices":[{"not_picked":["Demon Form","Berserk"],"picked":"Immolate","floor":0},{"not_picked":["Wild Strike","Second Wind"],"picked":"Feel No Pain","floor":1},{"not_picked":["Sword Boomerang","Rupture"],"picked":"Reckless Charge","floor":2},{"not_picked":["Anger","Havoc","Entrench"],"picked":"SKIP","floor":3},{"not_picked":["Immolate","Rage"],"picked":"True Grit","floor":6},{"not_picked":["Clash","Anger"],"picked":"Shockwave","floor":10},{"not_picked":["Heavy Blade","Dual Wield"],"picked":"True Grit","floor":11},{"not_picked":["Wild Strike","Fire Breathing"],"picked":"Sentinel","floor":13},{"not_picked":["Reckless Charge","Flame Barrier"],"picked":"Battle Trance","floor":14},{"not_picked":["Immolate","Corruption"],"picked":"Limit Break","floor":16},{"not_picked":["Shockwave","Flex","Wild Strike"],"picked":"SKIP","floor":18},{"not_picked":["Warcry","Perfected Strike"],"picked":"Feel No Pain","floor":19},{"not_picked":["Perfected Strike","Clothesline+1"],"picked":"Anger","floor":21},{"not_picked":["Searing Blow","Thunderclap"],"picked":"Uppercut+1","floor":24},{"not_picked":["Dual Wield","Carnage"],"picked":"Warcry","floor":25},{"not_picked":["Body Slam","Intimidate"],"picked":"Flex","floor":27},{"not_picked":["Shrug It Off","Impervious"],"picked":"Dark Embrace","floor":29},{"not_picked":["Fiend Fire","Demon Form"],"picked":"Corruption","floor":33},{"not_picked":["Twin Strike","Body Slam"],"picked":"Reckless Charge","floor":35},{"not_picked":["Heavy Blade","Wild Strike+1","Anger"],"picked":"SKIP","floor":36},{"not_picked":["Power Through","Clash"],"picked":"Pommel Strike+1","floor":37},{"not_picked":["Clothesline","Pommel Strike","Iron Wave+1"],"picked":"SKIP","floor":38},{"not_picked":["True Grit","Hemokinesis+1"],"picked":"Bloodletting","floor":41},{"not_picked":["Spot Weakness","Seeing Red","Combust+1"],"picked":"SKIP","floor":42},{"not_picked":["Spot Weakness","Seeing Red","Combust+1"],"picked":"SKIP","floor":42},{"not_picked":["Dropkick+1","Body Slam","Twin Strike"],"picked":"SKIP","floor":47},{"not_picked":["Heavy Blade","Body Slam","Berserk"],"picked":"SKIP","floor":48},{"not_picked":["Twin Strike+1","Wild Strike+1"],"picked":"Reckless Charge+1","floor":55}],"player_experience":6893872,"relics_obtained":[{"floor":6,"key":"Bag of Preparation"},{"floor":9,"key":"Akabeko"},{"floor":10,"key":"Art of War"},{"floor":13,"key":"Girya"},{"floor":24,"key":"War Paint"},{"floor":26,"key":"Pen Nib"},{"floor":29,"key":"Pear"},{"floor":38,"key":"Calipers"},{"floor":42,"key":"MawBank"},{"floor":48,"key":"CeramicFish"},{"floor":55,"key":"Shuriken"}],"event_choices":[{"damage_healed":0,"gold_gain":0,"player_choice":"Take Damage","damage_taken":23,"relics_obtained":["Golden Idol"],"max_hp_gain":0,"max_hp_loss":0,"event_name":"Golden Idol","floor":4,"gold_loss":0},{"damage_healed":17,"gold_gain":0,"player_choice":"Healed","damage_taken":0,"max_hp_gain":0,"max_hp_loss":0,"event_name":"The Cleric","floor":5,"gold_loss":35},{"damage_healed":0,"gold_gain":0,"player_choice":"Fled","damage_taken":0,"max_hp_gain":0,"max_hp_loss":0,"event_name":"Scrap Ooze","floor":8,"gold_loss":0},{"cards_removed":["Strike_R"],"damage_healed":0,"gold_gain":0,"player_choice":"Purged","damage_taken":0,"max_hp_gain":0,"max_hp_loss":0,"event_name":"Purifier","floor":12,"gold_loss":0},{"damage_healed":0,"gold_gain":0,"player_choice":"Trade","damage_taken":0,"relics_obtained":["SsserpentHead"],"max_hp_gain":0,"max_hp_loss":0,"event_name":"FaceTrader","floor":22,"gold_loss":0},{"damage_healed":0,"gold_gain":50,"player_choice":"Stole From Cult","damage_taken":0,"max_hp_gain":0,"max_hp_loss":0,"event_name":"Nest","floor":31,"gold_loss":0},{"damage_healed":0,"gold_gain":0,"player_choice":"Fight","damage_taken":0,"max_hp_gain":0,"max_hp_loss":0,"event_name":"Mysterious Sphere","floor":38,"gold_loss":0},{"damage_healed":0,"gold_gain":0,"player_choice":"Ignored","damage_taken":0,"max_hp_gain":0,"max_hp_loss":0,"event_name":"Tomb of Lord Red Mask","floor":45,"gold_loss":0},{"damage_healed":0,"gold_gain":333,"player_choice":"Gave Idol","damage_taken":0,"max_hp_gain":0,"max_hp_loss":0,"event_name":"The Moai Head","floor":46,"relics_lost":["Golden Idol"],"gold_loss":0}],"is_beta":false,"boss_relics":[{"not_picked":["Cursed Key","Ectoplasm"],"picked":"Runic Pyramid"},{"not_picked":["Mark of Pain","Runic Dome"],"picked":"Empty Cage"}],"items_purged_floors":[20,54],"is_endless":false,"potions_floor_spawned":[3,6,10,13,16,21,27,29,36,37,47],"ascension_level":20,"potion_discard_per_floor":[[],[],[],[],[],[],[],[],[],[],[],[],[],[],[],["ElixirPotion"],[],[],[],[],[],[],[],[],[],[],[],[],[],[],[],[],[],[],[],["Block Potion"],["Energy Potion"],[],[],[],[],[],[],[],[],[],[],[],[],[],[],[],[],[],[],[],[]]}