{"neow_bonuses_skipped_log":["RANDOM_COLORLESS","THREE_ENEMY_KILL","REMOVE_TWO"],"neow_costs_skipped_log":["NONE","NONE","NO_GOLD"],"gold_per_floor":[115,128,141,66,84,84,100,135,161,161,161,205,255,302,302,405,432,422,445,454,481,72,106,106,142,142,167,167,199,247,281,281,386,386,401,401,414,201,229,229,279,279,305,338,387,412,33,68,68,68,68,68,68,18,58,58],"floor_reached":57,"playtime":4206,"items_purged":["Strike_R","Strike_R","Strike_R","Defend_R","Defend_R"],"score":2915,"play_id":"1e06b5a9-f305-4c98-9e48-dc4c7cd5d694","local_time":"20220526183907","is_ascension_mode":true,"campfire_choices":[{"data":"Carnage","floor":6,"key":"SMITH"},{"data":"Feed","floor":10,"key":"SMITH"},{"data":"Armaments","floor":15,"key":"SMITH"},{"data":"Exhume","floor":24,"key":"SMITH"},{"data":"Dark Embrace","floor":32,"key":"SMITH"},{"data":"Feel No Pain","floor":40,"key":"SMITH"},{"floor":42,"key":"RECALL"},{"data":"Disarm","floor":49,"key":"SMITH"},{"data":"Barricade","floor":53,"key":"SMITH"}],"neow_cost":"NONE","seed_source_timestamp":1070372126233600,"shop_contents":[{"floor":4,"relics":["Bag of Marbles","PreservedInsect","Lee\u0027s Waffle"],"cards":["Rampage","Searing Blow","Shockwave","Warcry","Rupture","Good Instincts","Secret Technique"],"potions":["Explosive Potion","LiquidBronze","AttackPotion"]},{"floor":22,"relics":["Singing Bowl","Nunchaku"],"cards":["Reckless Charge","Havoc","Metallicize","Bandage Up","Secret Technique"],"potions":["Explosive Potion","BlessingOfTheForge","Explosive Potion"]},{"floor":38,"relics":["Letter Opener","Bronze Scales"],"cards":["Perfected Strike","Rampage","Flex","Warcry","Rupture","Swift Strike","Master of Strategy"],"potions":["SpeedPotion","Weak Potion","Energy Potion"]},{"floor":47,"relics":["Magic Flower","White Beast Statue"],"cards":["Clash","Warcry","Shrug It Off","Evolve","Panacea","HandOfGreed"],"potions":["AttackPotion","Explosive Potion","ColorlessPotion"]},{"floor":54,"relics":["Lantern","War Paint","Chemical X"],"cards":["Iron Wave","Pummel","Second Wind","True Grit","Rupture","Swift Strike","Mayhem"],"potions":["BlessingOfTheForge","SpeedPotion","Explosive Potion"]}],"circlet_count":0,"master_deck":["AscendersBane","Defend_R","Bash","Shrug It Off","Clothesline","Carnage+1","Feed+1","Power Through","Armaments+1","Feel No Pain+1","Disarm+1","Exhume+1","Heavy Blade+1","Juggernaut+1","Intimidate+1","Warcry+1","Second Wind","Necronomicurse","True Grit+1","Whirlwind","Battle Trance","Dark Embrace+1","Spot Weakness","Pommel Strike","Barricade+1","Shrug It Off+1","Metallicize+1","Havoc+1","Feel No Pain","Fiend Fire","Shrug It Off+1"],"potion_use_per_floor":[[],[],[],[],[],[],[],["ColorlessPotion"],[],[],[],[],[],[],[],["Dexterity Potion"],[],["GamblersBrew"],[],[],[],[],[],[],["AttackPotion"],[],[],[],["ElixirPotion"],["EntropicBrew"],[],[],[],[],["BloodPotion"],[],[],[],[],[],[],[],[],[],[],[],[],[],[],[],[],[],[],[],[],["SpeedPotion","Energy Potion"],[]],"relics":["Philosopher\u0027s Stone","Eternal Feather","Anchor","Golden Idol","Regal Pillow","CeramicFish","Astrolabe","Necronomicon","Sling","Smiling Mask","Shuriken","Pantograph","Dream Catcher","Coffee Dripper","Frozen Eye","Dead Branch","Red Skull","Boot","ClockworkSouvenir","Orichalcum","Bag of Preparation"],"potions_floor_usage":[8,16,18,25,29,30,35,56,56],"damage_taken":[{"damage":8,"enemies":"Small Slimes","floor":1,"turns":3},{"damage":8,"enemies":"Jaw Worm","floor":2,"turns":4},{"damage":0,"enemies":"Cultist","floor":3,"turns":2},{"damage":9,"enemies":"Large Slime","floor":5,"turns":6},{"damage":0,"enemies":"Blue Slaver","floor":7,"turns":2},{"damage":2,"enemies":"Lagavulin","floor":8,"turns":6},{"damage":28,"enemies":"Gremlin Nob","floor":12,"turns":4},{"damage":11,"enemies":"Lagavulin","floor":14,"turns":6},{"damage":7,"enemies":"The Guardian","floor":16,"turns":12},{"damage":1,"enemies":"2 Thieves","floor":18,"turns":4},{"damage":1,"enemies":"Shell Parasite","floor":19,"turns":10},{"damage":15,"enemies":"Snake Plant","floor":21,"turns":7},{"damage":8,"enemies":"Gremlin Leader","floor":23,"turns":6},{"damage":14,"enemies":"Book of Stabbing","floor":25,"turns":5},{"damage":0,"enemies":"Sentry and Sphere","floor":27,"turns":3},{"damage":19,"enemies":"Shelled Parasite and Fungi","floor":29,"turns":12},{"damage":6,"enemies":"Slavers","floor":30,"turns":12},{"damage":4,"enemies":"Centurion and Healer","floor":31,"turns":11},{"damage":65,"enemies":"Collector","floor":33,"turns":9},{"damage":0,"enemies":"Orb Walker","floor":35,"turns":3},{"damage":0,"enemies":"3 Shapes","floor":37,"turns":6},{"damage":15,"enemies":"Writhing Mass","floor":39,"turns":7},{"damage":17,"enemies":"Reptomancer","floor":41,"turns":9},{"damage":0,"enemies":"3 Darklings","floor":44,"turns":3},{"damage":1,"enemies":"Nemesis","floor":45,"turns":11},{"damage":0,"enemies":"Giant Head","floor":48,"turns":3},{"damage":13,"enemies":"Time Eater","floor":50,"turns":6},{"damage":5,"enemies":"Donu and Deca","floor":51,"turns":10},{"damage":29,"enemies":"Shield and Spear","floor":55,"turns":5},{"damage":30,"enemies":"The Heart","floor":56,"turns":9}],"seed_played":"-829660282011428274","neow_bonus_log":{"cardsObtained":[],"cardsUpgraded":[],"cardsRemoved":[],"cardsTransformed":[],"relicsObtained":["Philosopher\u0027s Stone"],"maxHpGained":0,"goldGained":0,"damageTaken":0,"goldLost":0,"maxHpLost":0},"potions_obtained":[{"floor":5,"key":"ColorlessPotion"},{"floor":7,"key":"GamblersBrew"},{"floor":12,"key":"Dexterity Potion"},{"floor":16,"key":"BlessingOfTheForge"},{"floor":18,"key":"EntropicBrew"},{"floor":23,"key":"AttackPotion"},{"floor":27,"key":"ElixirPotion"},{"floor":31,"key":"BloodPotion"},{"floor":33,"key":"Energy Potion"},{"floor":35,"key":"SteroidPotion"},{"floor":44,"key":"SpeedPotion"}],"is_trial":false,"path_per_floor":["M","M","M","$","M","R","M","E","T","R","?","E","?","E","R","B",null,"M","M","?","M","$","E","R","E","T","M","?","M","E","M","R","B",null,"M","?","M","$","M","R","E","R","T","M","E","T","$","E","R","B","B",null,"R","$","E","B",null],"character_chosen":"IRONCLAD","items_purchased":["Whirlwind","Sling","Battle Trance","Frozen Eye","ClockworkSouvenir","Fiend Fire"],"campfire_rested":0,"item_purchase_floors":[22,22,22,38,47,47],"current_hp_per_floor":[60,52,52,52,43,43,46,47,47,56,56,32,32,21,30,27,68,71,74,53,42,42,34,46,36,36,44,44,29,27,31,46,10,96,121,119,127,127,116,131,114,129,129,133,136,136,136,140,143,134,150,154,155,155,126,121],"gold":58,"neow_bonus":"BOSS_RELIC","is_prod":false,"is_daily":false,"rewards_skipped":[{"floor":14,"relics":[],"potions":["SteroidPotion"]},{"floor":19,"relics":[],"potions":["SteroidPotion"]},{"floor":39,"relics":[],"potions":["Explosive Potion"]}],"chose_seed":false,"campfire_upgraded":8,"win_rate":0,"floor_exit_playtime":[34,63,81,100,149,157,184,296,307,332,351,417,427,502,508,670,767,833,953,972,1056,1094,1213,1222,1334,1339,1398,1411,1618,1806,2029,2053,2280,2340,2396,2401,2486,2539,2642,2655,2826,2833,2836,2901,3117,3123,3168,3263,3280,3427,3686,3706,3713,3728,3900,4206],"timestamp":1653604747,"blue_key_relic_skipped_log":{"floor":43,"relicID":"Akabeko"},"path_taken":["M","M","M","$","M","R","M","E","T","R","?","E","?","E","R","BOSS","M","M","?","M","$","E","R","E","T","M","?","M","E","M","R","BOSS","M","?","M","$","M","R","E","R","T","M","E","?","$","E","R","BOSS","BOSS","R","$","E","BOSS"],"build_version":"2022-03-07","purchased_purges":5,"victory":true,"max_hp_per_floor":[75,75,75,75,75,75,78,81,81,81,73,77,77,77,77,81,81,85,89,89,93,93,93,93,97,97,105,105,109,113,121,121,125,125,125,119,127,127,131,131,131,131,131,135,139,139,139,143,143,147,155,155,155,155,155,155],"relic_stats":{"Regal Pillow":0,"counters":[30,196],"Golden Idol":203,"CeramicFish":189,"Astrolabe":["Heavy Blade","Juggernaut","Intimidate"],"Dead Branch":[189],"Eternal Feather":79,"Bag of Preparation":[2],"Orichalcum":[18],"Smiling Mask":300,"Boot":[12],"Frozen Eye":123.10435,"Dream Catcher":0,"Shuriken":[30],"Pantograph":63,"Necronomicon":[67],"obtain_stats":[{"Regal Pillow":12,"Golden Idol":11,"CeramicFish":14,"Astrolabe":17,"Dead Branch":41,"Eternal Feather":8,"Bag of Preparation":55,"Orichalcum":48,"Sling":22,"Smiling Mask":23,"Boot":46,"Burning Blood":0,"ClockworkSouvenir":47,"Frozen Eye":38,"Anchor":9,"Dream Catcher":30,"Shuriken":25,"Pantograph":26,"Philosopher\u0027s Stone":0,"Necronomicon":20,"Coffee Dripper":34,"Red Skull":45},{"Regal Pillow":7,"Golden Idol":6,"CeramicFish":8,"Astrolabe":9,"Dead Branch":23,"Eternal Feather":6,"Bag of Preparation":29,"Orichalcum":26,"Sling":12,"Smiling Mask":13,"Boot":25,"Burning Blood":0,"ClockworkSouvenir":25,"Frozen Eye":21,"Anchor":6,"Dream Catcher":17,"Shuriken":14,"Pantograph":14,"Philosopher\u0027s Stone":0,"Necronomicon":11,"Coffee Dripper":19,"Red Skull":25},{"Regal Pillow":27,"Golden Idol":23,"CeramicFish":33,"Astrolabe":45,"Dead Branch":149,"Eternal Feather":23,"Bag of Preparation":187,"Orichalcum":166,"Sling":66,"Smiling Mask":72,"Boot":163,"Burning Blood":0,"ClockworkSouvenir":163,"Frozen Eye":133,"Anchor":23,"Dream Catcher":104,"Shuriken":77,"Pantograph":77,"Philosopher\u0027s Stone":0,"Necronomicon":59,"Coffee Dripper":124,"Red Skull":163}]},"card_choices":[{"not_picked":["Armaments","Thunderclap"],"picked":"Shrug It Off","floor":1},{"not_picked":["True Grit","Second Wind"],"picked":"Clothesline","floor":2},{"not_picked":["Heavy Blade","Cleave"],"picked":"Carnage","floor":3},{"not_picked":["Pommel Strike","Wild Strike"],"picked":"Feed","floor":5},{"not_picked":["Warcry","Heavy Blade"],"picked":"Power Through","floor":7},{"not_picked":["True Grit","Evolve"],"picked":"Armaments","floor":8},{"not_picked":["Armaments","Rampage"],"picked":"Feel No Pain","floor":12},{"not_picked":["Hemokinesis","Uppercut"],"picked":"Disarm","floor":14},{"not_picked":["Offering","Double Tap"],"picked":"Exhume","floor":16},{"not_picked":["Pommel Strike","Dropkick"],"picked":"Warcry+1","floor":18},{"not_picked":["Pommel Strike","Pummel"],"picked":"Second Wind","floor":19},{"not_picked":["Power Through+1","Dropkick"],"picked":"True Grit+1","floor":21},{"not_picked":["Carnage","Intimidate+1","Power Through"],"picked":"SKIP","floor":23},{"not_picked":["Iron Wave","Searing Blow+1","Twin Strike"],"picked":"SKIP","floor":25},{"not_picked":["Pommel Strike","Clash","Thunderclap"],"picked":"SKIP","floor":27},{"not_picked":["Perfected Strike","True Grit"],"picked":"Dark Embrace","floor":29},{"not_picked":["True Grit","Inflame"],"picked":"Spot Weakness","floor":30},{"not_picked":["Havoc","Twin Strike+1"],"picked":"Pommel Strike","floor":31},{"not_picked":["Demon Form","Feed"],"picked":"Barricade","floor":33},{"not_picked":["Perfected Strike+1","Pommel Strike","Whirlwind"],"picked":"SKIP","floor":37},{"not_picked":["Bludgeon","Cleave"],"picked":"Shrug It Off+1","floor":39},{"not_picked":["Reckless Charge","True Grit"],"picked":"Metallicize+1","floor":41},{"not_picked":["Armaments","Metallicize+1"],"picked":"Havoc+1","floor":44},{"not_picked":["Infernal Blade+1","Sword Boomerang"],"picked":"Feel No Pain","floor":45},{"not_picked":["Thunderclap","Rupture","Dropkick"],"picked":"SKIP","floor":48},{"not_picked":["Rage","Blood for Blood"],"picked":"Shrug It Off+1","floor":55}],"player_experience":7040193,"relics_obtained":[{"floor":8,"key":"Eternal Feather"},{"floor":9,"key":"Anchor"},{"floor":12,"key":"Regal Pillow"},{"floor":14,"key":"CeramicFish"},{"floor":20,"key":"Necronomicon"},{"floor":23,"key":"Smiling Mask"},{"floor":25,"key":"Shuriken"},{"floor":26,"key":"Pantograph"},{"floor":30,"key":"Dream Catcher"},{"floor":41,"key":"Dead Branch"},{"floor":45,"key":"Red Skull"},{"floor":46,"key":"Boot"},{"floor":48,"key":"Orichalcum"},{"floor":55,"key":"Bag of Preparation"}],"event_choices":[{"damage_healed":0,"gold_gain":0,"player_choice":"Lose Max HP","damage_taken":0,"relics_obtained":["Golden Idol"],"max_hp_gain":0,"max_hp_loss":8,"event_name":"Golden Idol","floor":11,"gold_loss":0},{"damage_healed":0,"gold_gain":50,"player_choice":"Pray","damage_taken":0,"max_hp_gain":0,"max_hp_loss":0,"event_name":"Golden Shrine","floor":13,"gold_loss":0},{"damage_healed":0,"gold_gain":0,"player_choice":"Obtained Book","damage_taken":21,"max_hp_gain":0,"max_hp_loss":0,"event_name":"Cursed Tome","floor":20,"gold_loss":0},{"damage_healed":0,"gold_gain":0,"player_choice":"Ignored","damage_taken":0,"max_hp_gain":0,"max_hp_loss":0,"event_name":"Vampires","floor":28,"gold_loss":0},{"damage_healed":0,"gold_gain":0,"player_choice":"Max HP","damage_taken":0,"max_hp_gain":0,"max_hp_loss":6,"event_name":"Winding Halls","floor":36,"gold_loss":0}],"is_beta":false,"boss_relics":[{"not_picked":["Tiny House","Runic Dome"],"picked":"Astrolabe"},{"not_picked":["Cursed Key","Calling Bell"],"picked":"Coffee Dripper"}],"items_purged_floors":[4,22,38,47,54],"is_endless":false,"potions_floor_spawned":[5,7,12,14,16,18,19,23,27,31,33,35,39,44],"ascension_level":20,"potion_discard_per_floor":[[],[],[],[],[],[],[],[],[],[],[],[],[],[],[],[],[],[],[],[],[],[],["BlessingOfTheForge"],[],[],[],[],[],[],[],["SmokeBomb"],[],["SpeedPotion"],[],[],[],[],[],[],[],[],[],[],["SteroidPotion"],[],[],[],[],[],[],[],[],[],[],[],[],[]]}