{"neow_bonuses_skipped_log":["TEN_PERCENT_HP_BONUS"],"neow_costs_skipped_log":["NONE"],"gold_per_floor":[118,43,118,118,128,157,177,192,192,192,217,280,306,326,326,403,403,422,439,439,116,133,160,173,207,207,207,82,94,109,143,143,216,216,232,242,262,272,272,306,134,134,160,185,185,185,218,232,232,232,232,232,232,14,44,44],"floor_reached":57,"playtime":4350,"items_purged":["Strike_R","Strike_R","Strike_R"],"score":3204,"play_id":"0504a493-9793-4e1b-92c1-192e7b18352c","local_time":"20220603145029","falling_options_log":["Disarm","Corruption"],"is_ascension_mode":true,"campfire_choices":[{"data":"Whirlwind","floor":10,"key":"SMITH"},{"data":"Armaments","floor":15,"key":"SMITH"},{"data":"Battle Trance","floor":32,"key":"SMITH"},{"floor":45,"key":"RECALL"},{"data":"Dual Wield","floor":49,"key":"SMITH"},{"floor":53,"key":"REST"}],"neow_cost":"NONE","seed_source_timestamp":1747705523377700,"shop_contents":[{"floor":2,"relics":["Bag of Marbles","Anchor","ClockworkSouvenir"],"cards":["Clash","Searing Blow","Disarm","True Grit","Rupture","Mind Blast","Mayhem"],"potions":["GamblersBrew","Weak Potion","Fire Potion"]},{"floor":21,"relics":["Champion Belt","War Paint"],"cards":["Iron Wave","Whirlwind","True Grit","Inflame","Trip","Mayhem"],"potions":["Strength Potion","Swift Potion","Strength Potion"]},{"floor":28,"relics":["Pear","Omamori","HandDrill"],"cards":["Headbutt","Hemokinesis","True Grit","Sentinel","Fire Breathing","Swift Strike","HandOfGreed"],"potions":["Weak Potion","SkillPotion","FairyPotion"]},{"floor":41,"relics":["Red Skull","Pen Nib"],"cards":["Feed","Reckless Charge","Bloodletting","Havoc","Fire Breathing","Forethought","Thinking Ahead"],"potions":["FairyPotion","SneckoOil","LiquidMemories"]},{"floor":54,"relics":["Ornamental Fan","Bird Faced Urn"],"cards":["Heavy Blade","Reckless Charge","Ghostly Armor","Intimidate","Rupture","Discovery","Metamorphosis"],"potions":["Weak Potion","Fire Potion"]}],"circlet_count":0,"master_deck":["AscendersBane","Strike_R","Strike_R","Defend_R","Defend_R","Defend_R","Defend_R","Bash","Carnage+1","Evolve","Armaments+1","Whirlwind+1","Battle Trance+1","Body Slam","Brutality","Flame Barrier","Corruption","Dark Embrace","Offering","Armaments","Shrug It Off","Armaments+1","Body Slam","Dark Embrace","Sentinel","Rage+1","Disarm","Uppercut","Shockwave","Dual Wield+1","Disarm","Ghostly Armor+1"],"potion_use_per_floor":[[],[],[],[],[],[],[],[],[],[],["Explosive Potion"],["Dexterity Potion"],[],[],[],[],[],[],[],[],[],[],[],[],["BloodPotion"],[],[],[],[],[],[],[],[],[],[],[],[],[],[],[],[],[],[],[],[],[],[],[],[],["DistilledChaos"],[],[],[],[],[],["Fire Potion","SteroidPotion","FairyPotion"],[]],"relics":["NeowsBlessing","Oddly Smooth Stone","HornCleat","StoneCalendar","InkBottle","Akabeko","Snecko Eye","TheAbacus","Unceasing Top","Nunchaku","Nloth\u0027s Gift","Red Mask","SlaversCollar","Vajra","Lee\u0027s Waffle","Strawberry","Kunai","Sundial","Potion Belt","OrangePellets","Boot"],"potions_floor_usage":[11,12,25,50,56,56],"damage_taken":[{"damage":0,"enemies":"Small Slimes","floor":1,"turns":1},{"damage":0,"enemies":"Jaw Worm","floor":5,"turns":1},{"damage":0,"enemies":"Gremlin Nob","floor":6,"turns":1},{"damage":0,"enemies":"Cultist","floor":7,"turns":2},{"damage":7,"enemies":"3 Louse","floor":8,"turns":4},{"damage":0,"enemies":"3 Sentries","floor":11,"turns":4},{"damage":8,"enemies":"Lagavulin Event","floor":12,"turns":5},{"damage":0,"enemies":"Gremlin Nob","floor":13,"turns":3},{"damage":0,"enemies":"Red Slaver","floor":14,"turns":3},{"damage":26,"enemies":"Slime Boss","floor":16,"turns":7},{"damage":0,"enemies":"2 Thieves","floor":18,"turns":2},{"damage":1,"enemies":"Spheric Guardian","floor":19,"turns":3},{"damage":6,"enemies":"Cultist and Chosen","floor":22,"turns":4},{"damage":6,"enemies":"Gremlin Leader","floor":23,"turns":1},{"damage":6,"enemies":"Chosen and Byrds","floor":24,"turns":3},{"damage":10,"enemies":"Slavers","floor":25,"turns":4},{"damage":6,"enemies":"Shelled Parasite and Fungi","floor":29,"turns":2},{"damage":6,"enemies":"Cultist and Chosen","floor":30,"turns":4},{"damage":8,"enemies":"Masked Bandits","floor":31,"turns":3},{"damage":11,"enemies":"Automaton","floor":33,"turns":6},{"damage":3,"enemies":"Orb Walker","floor":35,"turns":3},{"damage":0,"enemies":"3 Shapes","floor":36,"turns":2},{"damage":0,"enemies":"Spire Growth","floor":37,"turns":3},{"damage":11,"enemies":"Maw","floor":38,"turns":6},{"damage":0,"enemies":"Reptomancer","floor":40,"turns":3},{"damage":6,"enemies":"Giant Head","floor":44,"turns":4},{"damage":6,"enemies":"Reptomancer","floor":47,"turns":2},{"damage":0,"enemies":"4 Shapes","floor":48,"turns":4},{"damage":42,"enemies":"Awakened One","floor":50,"turns":12},{"damage":23,"enemies":"Donu and Deca","floor":51,"turns":7},{"damage":72,"enemies":"Shield and Spear","floor":55,"turns":6},{"damage":31,"enemies":"The Heart","floor":56,"turns":8}],"seed_played":"-76137416105263084","neow_bonus_log":{"cardsObtained":[],"cardsUpgraded":[],"cardsRemoved":[],"cardsTransformed":[],"relicsObtained":["NeowsBlessing"],"maxHpGained":0,"goldGained":0,"damageTaken":0,"goldLost":0,"maxHpLost":0},"potions_obtained":[{"floor":1,"key":"Dexterity Potion"},{"floor":5,"key":"Explosive Potion"},{"floor":12,"key":"SkillPotion"},{"floor":13,"key":"FairyPotion"},{"floor":16,"key":"GamblersBrew"},{"floor":22,"key":"BloodPotion"},{"floor":25,"key":"DistilledChaos"},{"floor":55,"key":"Fire Potion"}],"is_trial":false,"path_per_floor":["M","$","?","?","M","E","M","M","T","R","E","?","E","M","R","B",null,"M","M","?","$","M","E","M","E","T","?","$","M","M","?","R","B",null,"M","M","M","M","?","E","$","?","T","E","R","T","E","M","R","B","B",null,"R","$","E","B",null],"character_chosen":"IRONCLAD","items_purchased":["TheAbacus","Armaments","Lee\u0027s Waffle","OrangePellets","SteroidPotion"],"campfire_rested":1,"item_purchase_floors":[21,21,41,54,54],"current_hp_per_floor":[74,74,63,63,69,75,75,74,74,74,75,73,75,75,75,55,70,75,75,75,75,75,75,75,75,75,75,75,69,63,55,55,44,67,64,64,64,53,53,53,82,78,85,79,79,79,73,73,73,31,8,66,85,85,13,11],"gold":44,"neow_bonus":"THREE_ENEMY_KILL","is_prod":false,"is_daily":false,"rewards_skipped":[{"floor":19,"relics":[],"potions":["Dexterity Potion"]},{"floor":31,"relics":[],"potions":["FearPotion"]},{"floor":35,"relics":[],"potions":["Energy Potion"]},{"floor":37,"relics":[],"potions":["ColorlessPotion"]},{"floor":44,"relics":[],"potions":["Block Potion"]}],"chose_seed":false,"campfire_upgraded":4,"win_rate":0,"floor_exit_playtime":[76,154,164,204,219,250,283,373,379,387,509,645,765,811,818,968,1113,1181,1252,1311,1363,1438,1508,1586,1672,1678,1789,1806,1861,1945,2012,2025,2230,2381,2436,2496,2566,2741,2756,2839,2868,2877,2882,3003,3009,3035,3113,3188,3197,3531,3715,3739,3745,3781,3962,4350],"timestamp":1654282229,"blue_key_relic_skipped_log":{"floor":26,"relicID":"Blue Candle"},"path_taken":["M","$","?","?","M","E","M","M","T","R","E","?","E","M","R","BOSS","M","M","?","$","?","E","M","E","T","?","$","M","?","?","R","BOSS","M","M","M","M","?","E","$","?","T","E","R","?","E","M","R","BOSS","BOSS","R","$","E","BOSS"],"build_version":"2022-03-07","purchased_purges":3,"victory":true,"max_hp_per_floor":[75,75,75,75,75,75,75,75,75,75,75,75,75,75,75,75,75,75,75,75,75,75,75,75,75,75,75,75,75,75,75,75,75,75,75,75,75,75,75,75,82,78,85,85,85,85,85,85,85,85,85,85,85,85,85,85],"relic_stats":{"Lee\u0027s Waffle":29,"counters":[32,123],"StoneCalendar":[137],"Boot":[0],"OrangePellets":[7],"Nunchaku":[16],"TheAbacus":[228],"Sundial":[10],"Snecko Eye":[152,164,151,177,-243],"Nloth\u0027s Gift":2,"Kunai":[15],"obtain_stats":[{"Potion Belt":47,"Lee\u0027s Waffle":41,"NeowsBlessing":0,"Oddly Smooth Stone":6,"Vajra":40,"StoneCalendar":11,"Boot":55,"Burning Blood":0,"Akabeko":13,"SlaversCollar":34,"OrangePellets":54,"Nunchaku":25,"HornCleat":9,"TheAbacus":21,"Sundial":46,"Strawberry":43,"Snecko Eye":17,"Nloth\u0027s Gift":27,"Red Mask":31,"Kunai":44,"InkBottle":12,"Unceasing Top":23},{"Potion Belt":27,"Lee\u0027s Waffle":25,"NeowsBlessing":0,"Oddly Smooth Stone":3,"Vajra":25,"StoneCalendar":6,"Boot":31,"Burning Blood":0,"Akabeko":8,"SlaversCollar":20,"OrangePellets":30,"Nunchaku":16,"HornCleat":5,"TheAbacus":12,"Sundial":26,"Strawberry":25,"Snecko Eye":10,"Nloth\u0027s Gift":16,"Red Mask":19,"Kunai":26,"InkBottle":7,"Unceasing Top":14},{"Potion Belt":86,"Lee\u0027s Waffle":80,"NeowsBlessing":0,"Oddly Smooth Stone":3,"Vajra":80,"StoneCalendar":13,"Boot":115,"Burning Blood":0,"Akabeko":21,"SlaversCollar":63,"OrangePellets":109,"Nunchaku":48,"HornCleat":9,"TheAbacus":36,"Sundial":84,"Strawberry":80,"Snecko Eye":31,"Nloth\u0027s Gift":48,"Red Mask":57,"Kunai":84,"InkBottle":18,"Unceasing Top":41}],"InkBottle":[53],"Unceasing Top":[0]},"card_choices":[{"not_picked":["Fire Breathing","Armaments"],"picked":"Carnage","floor":1},{"not_picked":["Flex","Clothesline"],"picked":"Evolve","floor":5},{"not_picked":["Clothesline","Combust"],"picked":"Armaments","floor":6},{"not_picked":["Uppercut","Wild Strike"],"picked":"Whirlwind","floor":7},{"not_picked":["Entrench","Second Wind"],"picked":"Body Slam","floor":8},{"not_picked":["Wild Strike","Shockwave"],"picked":"Battle Trance","floor":11},{"not_picked":["Havoc","Flex"],"picked":"Body Slam","floor":12},{"not_picked":["Second Wind","Blood for Blood"],"picked":"Brutality","floor":13},{"not_picked":["Heavy Blade","True Grit"],"picked":"Flame Barrier","floor":14},{"not_picked":["Berserk","Bludgeon"],"picked":"Corruption","floor":16},{"not_picked":["Twin Strike","Spot Weakness"],"picked":"Dark Embrace","floor":18},{"not_picked":["Sword Boomerang","Body Slam","Wild Strike"],"picked":"SKIP","floor":19},{"not_picked":["Havoc","Iron Wave"],"picked":"Shrug It Off","floor":22},{"not_picked":["Rage","Sword Boomerang"],"picked":"Armaments+1","floor":23},{"not_picked":["Pummel","Clash"],"picked":"Body Slam","floor":24},{"not_picked":["Cleave","Iron Wave"],"picked":"Dark Embrace","floor":25},{"not_picked":["Fire Breathing","Infernal Blade","Sword Boomerang"],"picked":"SKIP","floor":29},{"not_picked":["Clothesline","Fire Breathing"],"picked":"Sentinel","floor":30},{"not_picked":["Combust","Berserk","Anger"],"picked":"SKIP","floor":31},{"not_picked":["Metallicize","Heavy Blade+1"],"picked":"Rage+1","floor":35},{"not_picked":["True Grit","Wild Strike+1"],"picked":"Disarm","floor":36},{"not_picked":["Iron Wave+1","Infernal Blade"],"picked":"Uppercut","floor":37},{"not_picked":["Uppercut","Cleave"],"picked":"Shockwave","floor":38},{"not_picked":["Thunderclap+1","Clothesline+1"],"picked":"Dual Wield","floor":40},{"not_picked":["Rage","Feed","Carnage"],"picked":"SKIP","floor":44},{"not_picked":["Havoc","Burning Pact"],"picked":"Disarm","floor":47},{"not_picked":["Juggernaut","Power Through"],"picked":"Ghostly Armor+1","floor":55}],"player_experience":7070758,"relics_obtained":[{"floor":6,"key":"Oddly Smooth Stone"},{"floor":9,"key":"HornCleat"},{"floor":11,"key":"StoneCalendar"},{"floor":12,"key":"InkBottle"},{"floor":13,"key":"Akabeko"},{"floor":23,"key":"Unceasing Top"},{"floor":25,"key":"Nunchaku"},{"floor":31,"key":"Red Mask"},{"floor":40,"key":"Vajra"},{"floor":43,"key":"Strawberry"},{"floor":44,"key":"Kunai"},{"floor":46,"key":"Sundial"},{"floor":47,"key":"Potion Belt"},{"floor":55,"key":"Boot"}],"event_choices":[{"damage_healed":0,"gold_gain":75,"player_choice":"Gather Gold","damage_taken":11,"max_hp_gain":0,"max_hp_loss":0,"event_name":"World of Goop","floor":3,"gold_loss":0},{"damage_healed":0,"gold_gain":0,"player_choice":"Grow","damage_taken":0,"max_hp_gain":0,"max_hp_loss":0,"event_name":"Living Wall","floor":4,"gold_loss":0,"cards_upgraded":["Carnage"]},{"damage_healed":0,"gold_gain":0,"player_choice":"Searched \u00272\u0027 times","damage_taken":0,"max_hp_gain":0,"max_hp_loss":0,"event_name":"Dead Adventurer","floor":12,"gold_loss":0},{"damage_healed":0,"gold_gain":0,"player_choice":"1 cards matched","damage_taken":0,"max_hp_gain":0,"max_hp_loss":0,"event_name":"Match and Keep!","floor":20,"gold_loss":0,"cards_obtained":["Offering"]},{"damage_healed":0,"gold_gain":0,"player_choice":"Traded Relic","damage_taken":0,"relics_obtained":["Nloth\u0027s Gift"],"max_hp_gain":0,"max_hp_loss":0,"event_name":"N\u0027loth","floor":27,"relics_lost":["Burning Blood"],"gold_loss":0},{"damage_healed":0,"gold_gain":0,"player_choice":"Fought Bandits","damage_taken":0,"max_hp_gain":0,"max_hp_loss":0,"event_name":"Masked Bandits","floor":31,"gold_loss":0},{"cards_removed":["Body Slam"],"damage_healed":0,"gold_gain":0,"player_choice":"Removed Attack","damage_taken":0,"max_hp_gain":0,"max_hp_loss":0,"event_name":"Falling","floor":39,"gold_loss":0},{"damage_healed":0,"gold_gain":0,"player_choice":"Max HP","damage_taken":0,"max_hp_gain":0,"max_hp_loss":4,"event_name":"Winding Halls","floor":42,"gold_loss":0}],"is_beta":false,"boss_relics":[{"not_picked":["Astrolabe","SacredBark"],"picked":"Snecko Eye"},{"not_picked":["Runic Cube","Pandora\u0027s Box"],"picked":"SlaversCollar"}],"items_purged_floors":[2,21,28],"is_endless":false,"potions_floor_spawned":[1,5,12,13,16,19,22,25,31,35,37,44,55],"ascension_level":20,"potion_discard_per_floor":[[],[],[],[],[],[],[],[],[],[],[],[],[],[],[],["SkillPotion"],[],[],[],[],[],["GamblersBrew"],[],[],[],[],[],[],[],[],[],[],[],[],[],[],[],[],[],[],[],[],[],[],[],[],[],[],[],[],[],[],[],[],[],[],[]]}