{"neow_bonuses_skipped_log":["THREE_ENEMY_KILL","THREE_RARE_CARDS","BOSS_RELIC"],"neow_costs_skipped_log":["NONE","CURSE","NONE"],"gold_per_floor":[110,120,137,152,152,152,186,186,209,209,252,252,22,22,22,113,113,134,49,67,88,88,132,57,80,80,80,94,129,143,93,93,191,191,214,214,41,66,90,131,81,106,106,106,127,77,121,141,141,141,141,141,141,11,46,46],"floor_reached":57,"playtime":3200,"items_purged":["Strike_R","Strike_R","Defend_R","Defend_R","Defend_R"],"score":2799,"play_id":"91ebdae5-8256-4994-8d2e-4cb1d6f93145","local_time":"20220608184509","is_ascension_mode":true,"campfire_choices":[{"data":"Offering","floor":6,"key":"SMITH"},{"data":"Whirlwind","floor":8,"key":"SMITH"},{"data":"Spot Weakness","floor":12,"key":"SMITH"},{"data":"Disarm","floor":15,"key":"SMITH"},{"data":"Armaments","floor":27,"key":"SMITH"},{"data":"Offering","floor":32,"key":"SMITH"},{"floor":44,"key":"RECALL"},{"data":"Limit Break","floor":49,"key":"SMITH"},{"data":"Feel No Pain","floor":53,"key":"SMITH"}],"neow_cost":"NONE","seed_source_timestamp":2194940252549199,"shop_contents":[{"floor":13,"relics":["Lantern","Du-Vu Doll","PrismaticShard"],"cards":["Reaper","Cleave","Shrug It Off","Purity","Panache"],"potions":["Fire Potion","DistilledChaos","Weak Potion"]},{"floor":19,"relics":["Happy Flower","Eternal Feather","OrangePellets"],"cards":["Sever Soul","Cleave","Sentinel","Flex","Mind Blast","Mayhem"],"potions":["Weak Potion","Strength Potion","Weak Potion"]},{"floor":31,"relics":["Pocketwatch","Vajra","Orrery"],"cards":["Hemokinesis","Dropkick","Flex","Ghostly Armor","Brutality","Bandage Up","Magnetism"],"potions":["AttackPotion","Dexterity Potion","EssenceOfSteel"]},{"floor":37,"relics":["Pear","CeramicFish"],"cards":["Wild Strike","Immolate","Sentinel","Armaments","Metallicize","Forethought","Apotheosis"],"potions":["DuplicationPotion","BloodPotion","Block Potion"]},{"floor":41,"relics":["Potion Belt","Gremlin Horn","Strange Spoon"],"cards":["Heavy Blade","Cleave","Armaments","Dual Wield","Corruption","Impatience","Secret Weapon"],"potions":["AttackPotion","ColorlessPotion","SneckoOil"]},{"floor":46,"relics":["Regal Pillow","Pen Nib","Brimstone"],"cards":["Clash","Sever Soul","Double Tap","Second Wind","Rupture","Deep Breath","Transmutation"],"potions":["SpeedPotion","Energy Potion","BloodPotion"]},{"floor":54,"relics":["War Paint","Toy Ornithopter","ClockworkSouvenir"],"cards":["Body Slam","Clash","Shrug It Off","Infernal Blade","Metallicize","Bandage Up","Transmutation"],"potions":["SkillPotion","EssenceOfSteel"]}],"circlet_count":0,"master_deck":["AscendersBane","Bash","Offering+1","Flame Barrier","Disarm+1","Spot Weakness+1","Anger","Whirlwind+1","Pummel","Offering+1","Inflame","Reaper","Armaments+1","Dark Embrace","Burning Pact","Pommel Strike","Offering","Limit Break","Armaments+1","Second Wind+1","Sever Soul+1","Feel No Pain+1","Limit Break+1","Shrug It Off","Rage+1","Headbutt","Sword Boomerang"],"potion_use_per_floor":[[],[],[],[],[],[],["DuplicationPotion"],[],[],[],[],[],[],[],[],[],[],[],[],[],[],[],[],[],[],[],[],[],["SteroidPotion"],[],[],[],[],[],[],[],[],[],[],[],[],[],[],[],[],[],[],[],[],[],[],[],[],[],[],["DuplicationPotion","Block Potion"],[]],"relics":["Burning Blood","Golden Idol","Blood Vial","Akabeko","InkBottle","Coffee Dripper","MutagenicStrength","Paper Frog","Bag of Preparation","Smiling Mask","Astrolabe","Chemical X","Dream Catcher","White Beast Statue","Unceasing Top","Bag of Marbles"],"potions_floor_usage":[7,29,56,56],"damage_taken":[{"damage":0,"enemies":"Small Slimes","floor":1,"turns":4},{"damage":9,"enemies":"Jaw Worm","floor":2,"turns":5},{"damage":2,"enemies":"Cultist","floor":3,"turns":4},{"damage":11,"enemies":"Red Slaver","floor":4,"turns":5},{"damage":11,"enemies":"Gremlin Nob","floor":7,"turns":3},{"damage":16,"enemies":"3 Sentries","floor":11,"turns":3},{"damage":22,"enemies":"The Guardian","floor":16,"turns":7},{"damage":12,"enemies":"2 Thieves","floor":18,"turns":1},{"damage":12,"enemies":"Spheric Guardian","floor":20,"turns":1},{"damage":20,"enemies":"Snake Plant","floor":21,"turns":4},{"damage":20,"enemies":"Slavers","floor":23,"turns":4},{"damage":24,"enemies":"Snecko","floor":25,"turns":3},{"damage":26,"enemies":"Shelled Parasite and Fungi","floor":28,"turns":8},{"damage":28,"enemies":"Gremlin Leader","floor":29,"turns":4},{"damage":6,"enemies":"Sentry and Sphere","floor":30,"turns":2},{"damage":68,"enemies":"Collector","floor":33,"turns":7},{"damage":12,"enemies":"Orb Walker","floor":35,"turns":2},{"damage":19,"enemies":"3 Shapes","floor":38,"turns":4},{"damage":18,"enemies":"Maw","floor":39,"turns":4},{"damage":22,"enemies":"Nemesis","floor":40,"turns":3},{"damage":12,"enemies":"Jaw Worm Horde","floor":42,"turns":1},{"damage":39,"enemies":"Writhing Mass","floor":45,"turns":3},{"damage":18,"enemies":"Giant Head","floor":47,"turns":2},{"damage":17,"enemies":"Sphere and 2 Shapes","floor":48,"turns":3},{"damage":40,"enemies":"Awakened One","floor":50,"turns":4},{"damage":43,"enemies":"Time Eater","floor":51,"turns":6},{"damage":12,"enemies":"Shield and Spear","floor":55,"turns":1},{"damage":117,"enemies":"The Heart","floor":56,"turns":8}],"seed_played":"-4045006551674711747","neow_bonus_log":{"cardsObtained":["Offering"],"cardsUpgraded":[],"cardsRemoved":[],"cardsTransformed":[],"relicsObtained":[],"maxHpGained":0,"goldGained":0,"damageTaken":0,"goldLost":0,"maxHpLost":0},"potions_obtained":[{"floor":3,"key":"DuplicationPotion"},{"floor":4,"key":"BlessingOfTheForge"},{"floor":7,"key":"Weak Potion"},{"floor":18,"key":"Regen Potion"},{"floor":23,"key":"SteroidPotion"},{"floor":35,"key":"Block Potion"},{"floor":42,"key":"FearPotion"},{"floor":47,"key":"CultistPotion"},{"floor":55,"key":"Block Potion"}],"is_trial":false,"path_per_floor":["M","M","M","M","?","R","E","R","T","?","E","R","$","T","R","B",null,"M","$","M","M","?","E","?","M","T","R","M","E","M","$","R","B",null,"M","?","$","M","M","E","$","M","T","R","M","$","E","M","R","B","B",null,"R","$","E","B",null],"character_chosen":"IRONCLAD","items_purchased":["Offering","Inflame","Dark Embrace","Chemical X","DuplicationPotion"],"campfire_rested":0,"item_purchase_floors":[13,13,19,37,54],"current_hp_per_floor":[74,71,75,70,68,68,63,63,63,68,60,60,60,60,60,46,66,73,73,71,66,66,69,69,63,63,63,73,73,73,73,73,18,59,67,67,67,72,73,65,65,73,73,73,73,73,73,68,68,73,73,73,73,73,67,7],"gold":46,"neow_bonus":"ONE_RANDOM_RARE_CARD","is_prod":false,"is_daily":false,"rewards_skipped":[{"floor":25,"relics":[],"potions":["Weak Potion"]},{"floor":28,"relics":[],"potions":["BlessingOfTheForge"]},{"floor":39,"relics":[],"potions":["Dexterity Potion"]},{"floor":45,"relics":[],"potions":["Dexterity Potion"]},{"floor":48,"relics":[],"potions":["Fire Potion"]}],"chose_seed":false,"campfire_upgraded":8,"win_rate":0,"floor_exit_playtime":[200,262,325,405,412,442,512,519,534,541,620,632,708,714,726,840,917,973,988,1037,1113,1150,1236,1260,1314,1323,1334,1498,1583,1614,1634,1649,1802,1894,1936,1950,1973,2047,2141,2186,2207,2255,2261,2266,2345,2358,2425,2474,2480,2588,2680,2710,2722,2753,2819,3200],"timestamp":1654728309,"blue_key_relic_skipped_log":{"floor":9,"relicID":"Juzu Bracelet"},"path_taken":["M","M","M","M","?","R","E","R","T","?","E","R","$","?","R","BOSS","M","?","M","?","?","E","?","M","T","R","M","E","?","$","R","BOSS","M","?","$","M","M","E","$","?","T","R","?","?","E","M","R","BOSS","BOSS","R","$","E","BOSS"],"build_version":"2022-03-07","purchased_purges":5,"victory":true,"max_hp_per_floor":[75,75,75,75,68,68,68,68,68,73,73,73,73,73,73,73,73,73,73,73,73,73,73,73,73,73,73,73,73,73,73,73,73,73,73,73,73,73,73,73,73,73,73,73,73,73,73,73,73,73,73,73,73,73,73,73],"relic_stats":{"counters":[28,106],"Golden Idol":203,"Astrolabe":["Armaments","Second Wind","Sever Soul"],"Bag of Preparation":[32],"Smiling Mask":350,"Burning Blood":122,"White Beast Statue":[0.0,0.0,0.0,0.4,0.0,0.6000000000000001,0.0,0.0,0.0,0.0,0.0,1.4120000000000004],"Blood Vial":25,"Dream Catcher":0,"Chemical X":[12],"obtain_stats":[{"Golden Idol":5,"Astrolabe":34,"Bag of Preparation":26,"Smiling Mask":29,"Burning Blood":0,"Akabeko":11,"White Beast Statue":43,"Blood Vial":7,"Dream Catcher":40,"MutagenicStrength":22,"Coffee Dripper":17,"Bag of Marbles":55,"Chemical X":37,"InkBottle":14,"Unceasing Top":47,"Paper Frog":23},{"Golden Idol":4,"Astrolabe":16,"Bag of Preparation":12,"Smiling Mask":14,"Burning Blood":0,"Akabeko":6,"White Beast Statue":21,"Blood Vial":5,"Dream Catcher":20,"MutagenicStrength":10,"Coffee Dripper":7,"Bag of Marbles":27,"Chemical X":17,"InkBottle":6,"Unceasing Top":23,"Paper Frog":11},{"Golden Idol":18,"Astrolabe":65,"Bag of Preparation":44,"Smiling Mask":56,"Burning Blood":0,"Akabeko":24,"White Beast Statue":79,"Blood Vial":21,"Dream Catcher":78,"MutagenicStrength":37,"Coffee Dripper":31,"Bag of Marbles":98,"Chemical X":67,"InkBottle":24,"Unceasing Top":84,"Paper Frog":41}],"InkBottle":[33],"Unceasing Top":[0]},"card_choices":[{"not_picked":["Armaments","Rampage"],"picked":"Flame Barrier","floor":1},{"not_picked":["Infernal Blade","Rage"],"picked":"Disarm","floor":2},{"not_picked":["Clash","True Grit"],"picked":"Spot Weakness","floor":3},{"not_picked":["Rupture","Havoc"],"picked":"Anger","floor":4},{"not_picked":["Uppercut","Havoc"],"picked":"Whirlwind","floor":7},{"not_picked":["Wild Strike","Anger"],"picked":"Pummel","floor":11},{"not_picked":["Immolate","Feed"],"picked":"Reaper","floor":16},{"not_picked":["Blood for Blood","Searing Blow+1"],"picked":"Armaments","floor":18},{"not_picked":["Entrench","Rupture","Thunderclap"],"picked":"SKIP","floor":20},{"not_picked":["Combust","Heavy Blade"],"picked":"Burning Pact","floor":21},{"not_picked":["Metallicize","Rampage","Iron Wave"],"picked":"SKIP","floor":23},{"not_picked":["Havoc","Metallicize","Rage"],"picked":"SKIP","floor":25},{"not_picked":["Sentinel","Carnage"],"picked":"Pommel Strike","floor":28},{"not_picked":["Heavy Blade","Clash"],"picked":"Offering","floor":29},{"not_picked":["Demon Form","Barricade"],"picked":"Limit Break","floor":33},{"not_picked":["Dark Embrace","Headbutt+1"],"picked":"Feel No Pain","floor":35},{"not_picked":["Clash+1","Heavy Blade"],"picked":"Shrug It Off","floor":38},{"not_picked":["Bludgeon","Warcry","Havoc"],"picked":"SKIP","floor":39},{"not_picked":["Heavy Blade","Headbutt","Dropkick+1"],"picked":"SKIP","floor":40},{"not_picked":["Flex","Inflame"],"picked":"Rage+1","floor":42},{"not_picked":["Thunderclap","Wild Strike"],"picked":"Headbutt","floor":45},{"not_picked":["Twin Strike","Rampage"],"picked":"Sword Boomerang","floor":47},{"not_picked":["Anger","Headbutt","Pommel Strike"],"picked":"SKIP","floor":48},{"not_picked":["Entrench+1","Berserk","Headbutt"],"picked":"SKIP","floor":55}],"player_experience":7124075,"relics_obtained":[{"floor":7,"key":"Blood Vial"},{"floor":11,"key":"Akabeko"},{"floor":14,"key":"InkBottle"},{"floor":23,"key":"Paper Frog"},{"floor":26,"key":"Bag of Preparation"},{"floor":29,"key":"Smiling Mask"},{"floor":40,"key":"Dream Catcher"},{"floor":43,"key":"White Beast Statue"},{"floor":47,"key":"Unceasing Top"},{"floor":55,"key":"Bag of Marbles"}],"event_choices":[{"damage_healed":0,"gold_gain":0,"player_choice":"Lose Max HP","damage_taken":0,"relics_obtained":["Golden Idol"],"max_hp_gain":0,"max_hp_loss":7,"event_name":"Golden Idol","floor":5,"gold_loss":0},{"damage_healed":0,"gold_gain":0,"player_choice":"Donut","damage_taken":0,"max_hp_gain":5,"max_hp_loss":0,"event_name":"Big Fish","floor":10,"gold_loss":0},{"damage_healed":0,"gold_gain":0,"player_choice":"Inject Mutagens","damage_taken":0,"relics_obtained":["MutagenicStrength"],"max_hp_gain":0,"max_hp_loss":0,"event_name":"Drug Dealer","floor":22,"gold_loss":0},{"cards_removed":["Strike_R"],"damage_healed":0,"gold_gain":0,"player_choice":"Single Remove","damage_taken":0,"max_hp_gain":0,"max_hp_loss":0,"event_name":"Designer","floor":24,"gold_loss":75},{"damage_healed":0,"gold_gain":0,"player_choice":"Copied","damage_taken":0,"max_hp_gain":0,"max_hp_loss":0,"event_name":"Duplicator","floor":36,"gold_loss":0,"cards_obtained":["Limit Break"]}],"is_beta":false,"boss_relics":[{"not_picked":["SacredBark","Sozu"],"picked":"Coffee Dripper"},{"not_picked":["Empty Cage","Snecko Eye"],"picked":"Astrolabe"}],"items_purged_floors":[13,31,41,46,54],"is_endless":false,"potions_floor_spawned":[3,4,7,18,23,25,28,35,39,42,45,47,48,55],"ascension_level":20,"potion_discard_per_floor":[[],[],[],[],[],[],[],[],[],[],[],[],[],[],[],[],[],["Weak Potion"],[],[],[],[],["Regen Potion"],[],[],[],[],[],[],[],[],[],[],[],[],[],[],[],[],[],[],["BlessingOfTheForge"],[],[],[],[],["FearPotion"],[],[],[],[],[],[],["CultistPotion"],["Block Potion"],[],[]]}