{"neow_bonuses_skipped_log":["TEN_PERCENT_HP_BONUS"],"neow_costs_skipped_log":["NONE"],"gold_per_floor":[110,110,130,130,130,130,4,38,50,72,109,121,160,172,184,274,286,314,54,68,68,79,104,104,132,158,188,206,221,136,136,136,208,208,220,232,232,9,9,9,20,49,117,143,158,433,450,477,477,477,477,477,477,129,163,163],"floor_reached":57,"playtime":2360,"items_purged":["Strike_R","Strike_R","Strike_R"],"score":3182,"play_id":"ea0b4170-e3c8-4da4-b522-23ba2fecaa82","local_time":"20220607144340","is_ascension_mode":true,"campfire_choices":[{"data":"Bash","floor":6,"key":"SMITH"},{"data":"Inflame","floor":12,"key":"SMITH"},{"data":"Disarm","floor":15,"key":"SMITH"},{"data":"Pommel Strike","floor":24,"key":"SMITH"},{"floor":32,"key":"REST"},{"floor":40,"key":"RECALL"},{"data":"Uppercut","floor":49,"key":"SMITH"},{"data":"PanicButton","floor":53,"key":"SMITH"}],"neow_cost":"NONE","seed_source_timestamp":2094886301280000,"shop_contents":[{"floor":5,"relics":["Blood Vial","Art of War","Medical Kit"],"cards":["Dropkick","Iron Wave","Warcry","Exhume","Dark Embrace","Bandage Up","Sadistic Nature"],"potions":["Explosive Potion","AttackPotion","PowerPotion"]},{"floor":7,"relics":["Centennial Puzzle","MealTicket","HandDrill"],"cards":["Thunderclap","Shrug It Off","Flex","Rupture","Deep Breath","Mayhem"],"potions":["SteroidPotion","LiquidBronze","Fire Potion"]},{"floor":19,"relics":["Strawberry","Charon\u0027s Ashes"],"cards":["Hemokinesis","Whirlwind","Armaments","Bloodletting","Rupture","Purity","Metamorphosis"],"potions":["Explosive Potion","SteroidPotion","Swift Potion"]},{"floor":38,"relics":["Boot","Vajra","DollysMirror"],"cards":["Wild Strike","Feed","Intimidate","Flex","Feel No Pain","The Bomb"],"potions":["Block Potion","Energy Potion","HeartOfIron"]},{"floor":54,"relics":["Eternal Feather","Strange Spoon"],"cards":["Reckless Charge","Sever Soul","Armaments","Limit Break","Dark Embrace","Jack Of All Trades","Sadistic Nature"],"potions":["SkillPotion","SkillPotion"]}],"circlet_count":0,"master_deck":["AscendersBane","Strike_R+1","Strike_R","Defend_R","Defend_R","Defend_R","Defend_R","Bash+1","Perfected Strike+1","Pommel Strike+1","Perfected Strike","Anger","Pommel Strike","Inflame+1","Disarm+1","Offering","Flame Barrier+1","Perfected Strike","Perfected Strike","Pommel Strike","Seeing Red+1","Necronomicurse","Pommel Strike+1","Shrug It Off","Perfected Strike+1","Perfected Strike+1","Reaper","Pommel Strike+1","PanicButton+1","Battle Trance","Warcry+1","Uppercut+1","Perfected Strike+1","Dark Embrace+1","Dark Embrace+1"],"potion_use_per_floor":[[],[],[],[],[],[],[],[],[],[],[],[],[],[],[],[],[],[],[],[],[],[],["Regen Potion"],[],[],[],[],[],[],[],[],[],[],[],[],[],[],[],[],[],[],[],[],[],[],[],[],[],[],[],[],[],[],[],["LiquidMemories","DuplicationPotion"],["Regen Potion","BloodPotion"],[]],"relics":["Burning Blood","NeowsBlessing","MawBank","Red Skull","Sundial","Nunchaku","Lantern","Runic Dome","Orrery","Necronomicon","Pen Nib","Regal Pillow","Anchor","Happy Flower","Matryoshka","Black Star","Orichalcum","Potion Belt","Ice Cream","Omamori","Kunai","Whetstone","Bag of Marbles","HornCleat","Bottled Flame","Letter Opener","Mercury Hourglass"],"potions_floor_usage":[23,55,55,56,56],"damage_taken":[{"damage":0,"enemies":"Jaw Worm","floor":1,"turns":1},{"damage":0,"enemies":"Small Slimes","floor":3,"turns":1},{"damage":0,"enemies":"Lagavulin","floor":8,"turns":1},{"damage":0,"enemies":"Cultist","floor":10,"turns":2},{"damage":8,"enemies":"Gremlin Nob","floor":11,"turns":3},{"damage":25,"enemies":"Lagavulin","floor":13,"turns":7},{"damage":17,"enemies":"The Guardian","floor":16,"turns":8},{"damage":0,"enemies":"Chosen","floor":18,"turns":3},{"damage":11,"enemies":"Spheric Guardian","floor":20,"turns":3},{"damage":15,"enemies":"Snake Plant","floor":22,"turns":2},{"damage":18,"enemies":"Slavers","floor":23,"turns":4},{"damage":0,"enemies":"Gremlin Leader","floor":25,"turns":3},{"damage":4,"enemies":"Book of Stabbing","floor":27,"turns":2},{"damage":0,"enemies":"Chosen and Byrds","floor":28,"turns":2},{"damage":0,"enemies":"Centurion and Healer","floor":29,"turns":2},{"damage":22,"enemies":"Automaton","floor":33,"turns":4},{"damage":0,"enemies":"3 Shapes","floor":35,"turns":2},{"damage":0,"enemies":"Orb Walker","floor":36,"turns":1},{"damage":0,"enemies":"Spire Growth","floor":41,"turns":2},{"damage":8,"enemies":"Reptomancer","floor":42,"turns":2},{"damage":8,"enemies":"Giant Head","floor":44,"turns":3},{"damage":0,"enemies":"Jaw Worm Horde","floor":45,"turns":2},{"damage":0,"enemies":"4 Shapes","floor":47,"turns":2},{"damage":0,"enemies":"Nemesis","floor":48,"turns":3},{"damage":10,"enemies":"Donu and Deca","floor":50,"turns":4},{"damage":12,"enemies":"Awakened One","floor":51,"turns":5},{"damage":0,"enemies":"Shield and Spear","floor":55,"turns":3},{"damage":96,"enemies":"The Heart","floor":56,"turns":6}],"seed_played":"-6167737174437275170","neow_bonus_log":{"cardsObtained":[],"cardsUpgraded":[],"cardsRemoved":[],"cardsTransformed":[],"relicsObtained":["NeowsBlessing"],"maxHpGained":0,"goldGained":0,"damageTaken":0,"goldLost":0,"maxHpLost":0},"potions_obtained":[{"floor":3,"key":"GamblersBrew"},{"floor":8,"key":"ElixirPotion"},{"floor":10,"key":"Regen Potion"},{"floor":13,"key":"DuplicationPotion"},{"floor":23,"key":"Fire Potion"},{"floor":28,"key":"AttackPotion"},{"floor":44,"key":"SteroidPotion"},{"floor":47,"key":"BloodPotion"},{"floor":48,"key":"FairyPotion"},{"floor":55,"key":"Regen Potion"}],"is_trial":false,"path_per_floor":["M","?","M","?","$","R","$","E","T","M","E","R","E","?","R","B",null,"M","$","M","?","M","E","R","E","T","E","M","M","?","?","R","B",null,"M","M","?","$","?","R","M","E","T","E","M","?","M","E","R","B","B",null,"R","$","E","B",null],"character_chosen":"IRONCLAD","items_purchased":["Perfected Strike","Orrery","PanicButton","LiquidMemories","Bottled Flame"],"campfire_rested":1,"item_purchase_floors":[7,19,38,54,54],"current_hp_per_floor":[74,74,75,80,80,80,80,80,80,80,78,78,59,48,48,37,69,75,75,70,49,40,40,40,46,46,48,54,60,60,37,77,61,79,85,85,85,85,85,85,85,85,85,85,85,85,85,85,85,85,79,84,84,84,85,69],"gold":163,"neow_bonus":"THREE_ENEMY_KILL","is_prod":false,"is_daily":false,"rewards_skipped":[{"floor":20,"relics":[],"potions":["Explosive Potion"]},{"floor":27,"relics":[],"potions":["SkillPotion"]},{"floor":29,"relics":[],"potions":["Energy Potion"]},{"floor":33,"relics":[],"potions":["BlessingOfTheForge"]}],"chose_seed":false,"campfire_upgraded":6,"win_rate":0,"floor_exit_playtime":[17,34,43,46,53,60,79,95,97,113,154,161,225,231,239,353,408,472,557,607,628,686,774,792,872,875,913,962,999,1005,1014,1018,1094,1195,1236,1257,1273,1315,1341,1346,1382,1440,1448,1507,1577,1582,1615,1691,1702,1776,1926,1945,1961,2042,2184,2360],"timestamp":1654627420,"blue_key_relic_skipped_log":{"floor":43,"relicID":"InkBottle"},"path_taken":["M","?","M","?","?","R","$","E","T","?","E","R","E","?","R","BOSS","M","$","M","?","M","E","R","E","T","E","M","M","?","?","R","BOSS","M","M","?","$","?","R","M","E","T","E","?","?","?","E","R","BOSS","BOSS","R","$","E","BOSS"],"build_version":"2022-03-07","purchased_purges":3,"victory":true,"max_hp_per_floor":[75,75,75,80,80,80,80,80,80,80,80,80,80,80,80,80,80,80,80,80,80,80,80,80,80,80,80,80,80,80,85,85,85,85,85,85,85,85,85,85,85,85,85,85,85,85,85,85,85,85,85,85,85,85,85,85],"relic_stats":{"Ice Cream":[27],"Regal Pillow":15,"Happy Flower":[14],"counters":[28,83],"Pen Nib":[15],"Omamori":1,"Whetstone":["Strike_R","Perfected Strike"],"Letter Opener":[5],"Orichalcum":[18],"MawBank":132,"Burning Blood":98,"Mercury Hourglass":[18],"Nunchaku":[20],"Bottled Flame":"Uppercut","Matryoshka":1,"Sundial":[4],"Necronomicon":[50],"Black Star":4,"Kunai":[22],"obtain_stats":[{"Ice Cream":42,"Lantern":14,"Regal Pillow":25,"Whetstone":44,"Burning Blood":0,"Nunchaku":13,"Matryoshka":30,"HornCleat":48,"Sundial":11,"Necronomicon":21,"Kunai":44,"Red Skull":9,"Potion Belt":42,"NeowsBlessing":0,"Happy Flower":27,"Pen Nib":23,"Omamori":43,"Letter Opener":55,"Orichalcum":37,"MawBank":8,"Mercury Hourglass":55,"Runic Dome":17,"Anchor":26,"Bottled Flame":54,"Orrery":19,"Black Star":34,"Bag of Marbles":48},{"Ice Cream":20,"Lantern":6,"Regal Pillow":12,"Whetstone":21,"Burning Blood":0,"Nunchaku":6,"Matryoshka":15,"HornCleat":24,"Sundial":5,"Necronomicon":9,"Kunai":21,"Red Skull":3,"Potion Belt":20,"NeowsBlessing":0,"Happy Flower":13,"Pen Nib":11,"Omamori":20,"Letter Opener":27,"Orichalcum":18,"MawBank":3,"Mercury Hourglass":27,"Runic Dome":7,"Anchor":12,"Bottled Flame":26,"Orrery":8,"Black Star":16,"Bag of Marbles":24},{"Ice Cream":55,"Lantern":15,"Regal Pillow":38,"Whetstone":58,"Burning Blood":0,"Nunchaku":15,"Matryoshka":44,"HornCleat":65,"Sundial":8,"Necronomicon":29,"Kunai":58,"Red Skull":3,"Potion Belt":55,"NeowsBlessing":0,"Happy Flower":40,"Pen Nib":35,"Omamori":55,"Letter Opener":77,"Orichalcum":51,"MawBank":3,"Mercury Hourglass":77,"Runic Dome":23,"Anchor":38,"Bottled Flame":74,"Orrery":26,"Black Star":48,"Bag of Marbles":65}]},"card_choices":[{"not_picked":["Thunderclap","Iron Wave"],"picked":"Perfected Strike","floor":1},{"not_picked":["Searing Blow","Cleave"],"picked":"Pommel Strike","floor":3},{"not_picked":["Flex","Body Slam"],"picked":"Anger","floor":8},{"not_picked":["Combust","Flex"],"picked":"Pommel Strike","floor":10},{"not_picked":["Clash","Fire Breathing"],"picked":"Inflame","floor":11},{"not_picked":["Havoc","Cleave"],"picked":"Disarm","floor":13},{"not_picked":["Immolate","Bludgeon"],"picked":"Offering","floor":16},{"not_picked":["Armaments","Wild Strike"],"picked":"Flame Barrier+1","floor":18},{"not_picked":["Inflame","Dual Wield"],"picked":"Perfected Strike","floor":19},{"not_picked":["Offering","Sentinel"],"picked":"Perfected Strike","floor":19},{"not_picked":["Sword Boomerang","Flex"],"picked":"Pommel Strike","floor":19},{"not_picked":["Shrug It Off","True Grit"],"picked":"Seeing Red+1","floor":19},{"not_picked":["Rage","Sword Boomerang","Spot Weakness"],"picked":"SKIP","floor":19},{"not_picked":["Headbutt","Heavy Blade","Inflame"],"picked":"SKIP","floor":20},{"not_picked":["Havoc+1","Perfected Strike"],"picked":"Pommel Strike+1","floor":22},{"not_picked":["Bloodletting","Bludgeon","Sentinel"],"picked":"SKIP","floor":23},{"not_picked":["Heavy Blade","Sentinel"],"picked":"Shrug It Off","floor":25},{"not_picked":["Thunderclap","Evolve"],"picked":"Perfected Strike+1","floor":27},{"not_picked":["Flame Barrier","Pummel+1"],"picked":"Perfected Strike","floor":28},{"not_picked":["Dual Wield","Clothesline","Clash"],"picked":"SKIP","floor":29},{"not_picked":["Brutality","Exhume"],"picked":"Reaper","floor":33},{"not_picked":["Iron Wave","Cleave","Pommel Strike"],"picked":"SKIP","floor":35},{"not_picked":["Cleave","Headbutt+1"],"picked":"Pommel Strike+1","floor":36},{"not_picked":["Thunderclap","Clothesline+1"],"picked":"Battle Trance","floor":41},{"not_picked":["Heavy Blade","Bludgeon"],"picked":"Warcry+1","floor":42},{"not_picked":["Cleave","Body Slam+1"],"picked":"Uppercut","floor":44},{"not_picked":["Shrug It Off","Thunderclap"],"picked":"Perfected Strike+1","floor":45},{"not_picked":["Sever Soul","Body Slam","Warcry"],"picked":"SKIP","floor":47},{"not_picked":["Wild Strike","Rampage"],"picked":"Dark Embrace+1","floor":48},{"not_picked":["Second Wind","Twin Strike+1"],"picked":"Dark Embrace+1","floor":55}],"player_experience":7094457,"relics_obtained":[{"floor":8,"key":"MawBank"},{"floor":9,"key":"Red Skull"},{"floor":11,"key":"Sundial"},{"floor":13,"key":"Nunchaku"},{"floor":21,"key":"Necronomicon"},{"floor":23,"key":"Pen Nib"},{"floor":25,"key":"Regal Pillow"},{"floor":26,"key":"Anchor"},{"floor":27,"key":"Happy Flower"},{"floor":42,"key":"Potion Belt"},{"floor":42,"key":"Ice Cream"},{"floor":43,"key":"Omamori"},{"floor":44,"key":"Kunai"},{"floor":44,"key":"Whetstone"},{"floor":48,"key":"Bag of Marbles"},{"floor":48,"key":"HornCleat"},{"floor":55,"key":"Letter Opener"},{"floor":55,"key":"Mercury Hourglass"}],"event_choices":[{"damage_healed":0,"gold_gain":0,"player_choice":"Grow","damage_taken":0,"max_hp_gain":0,"max_hp_loss":0,"event_name":"Living Wall","floor":2,"gold_loss":0,"cards_upgraded":["Perfected Strike"]},{"damage_healed":0,"gold_gain":0,"player_choice":"Donut","damage_taken":0,"max_hp_gain":5,"max_hp_loss":0,"event_name":"Big Fish","floor":4,"gold_loss":0},{"damage_healed":0,"gold_gain":0,"player_choice":"Success","damage_taken":11,"relics_obtained":["Lantern"],"max_hp_gain":0,"max_hp_loss":0,"event_name":"Scrap Ooze","floor":14,"gold_loss":0},{"damage_healed":0,"gold_gain":0,"player_choice":"Obtained Book","damage_taken":21,"max_hp_gain":0,"max_hp_loss":0,"event_name":"Cursed Tome","floor":21,"gold_loss":0},{"damage_healed":0,"gold_gain":0,"player_choice":"Obtained Relic","damage_taken":0,"relics_obtained":["Matryoshka"],"max_hp_gain":0,"max_hp_loss":0,"event_name":"Addict","floor":30,"gold_loss":85},{"damage_healed":0,"gold_gain":0,"player_choice":"Shed Blood","damage_taken":28,"max_hp_gain":5,"max_hp_loss":0,"event_name":"Forgotten Altar","floor":31,"gold_loss":0},{"damage_healed":0,"gold_gain":0,"player_choice":"Gave Potion","damage_taken":0,"relics_obtained":["Orichalcum"],"max_hp_gain":0,"max_hp_loss":0,"event_name":"WeMeetAgain","floor":37,"gold_loss":0},{"damage_healed":0,"gold_gain":0,"player_choice":"0 cards matched","damage_taken":0,"max_hp_gain":0,"max_hp_loss":0,"event_name":"Match and Keep!","floor":39,"gold_loss":0,"cards_obtained":[]},{"damage_healed":0,"gold_gain":0,"player_choice":"0 cards matched","damage_taken":0,"max_hp_gain":0,"max_hp_loss":0,"event_name":"Match and Keep!","floor":39,"gold_loss":0,"cards_obtained":[]},{"damage_healed":0,"gold_gain":275,"player_choice":"Desecrate","damage_taken":0,"max_hp_gain":0,"max_hp_loss":0,"event_name":"Golden Shrine","floor":46,"gold_loss":0,"cards_obtained":["Regret"]}],"is_beta":false,"boss_relics":[{"not_picked":["Cursed Key","Black Blood"],"picked":"Runic Dome"},{"not_picked":["Empty Cage","Fusion Hammer"],"picked":"Black Star"}],"items_purged_floors":[7,19,38],"is_endless":false,"potions_floor_spawned":[3,8,10,13,20,23,27,28,29,33,44,47,48,55],"ascension_level":20,"potion_discard_per_floor":[[],[],[],[],[],[],[],[],[],["ElixirPotion"],[],[],["GamblersBrew"],[],[],[],[],[],[],[],[],[],[],[],[],[],[],["Fire Potion"],[],[],[],[],[],[],[],[],[],[],[],[],[],[],[],[],[],[],[],[],[],[],[],[],[],["SteroidPotion"],[],[],[]]}