{"gold_per_floor":[116,131,131,143,143,143,9,53,80,128,159,207,242,270,282,384,396,432,418,430,442,467,479],"floor_reached":23,"playtime":2639,"items_purged":["Strike_R"],"score":426,"play_id":"7f5f4f7b-0cd7-45cd-b048-33102f1d6f5a","local_time":"20220712222151","is_ascension_mode":true,"campfire_choices":[{"data":"Inflame","floor":6,"key":"SMITH"},{"data":"Armaments","floor":15,"key":"SMITH"}],"neow_cost":"NONE","seed_source_timestamp":1171572308154000,"shop_contents":[{"floor":7,"relics":["Eternal Feather","Gambling Chip","Toolbox"],"cards":["Carnage","Exhume","Spot Weakness","Dark Embrace","Madness","Apotheosis"],"potions":["SpeedPotion","PowerPotion","LiquidMemories"]}],"circlet_count":0,"master_deck":["AscendersBane","Strike_R","Strike_R","Strike_R","Defend_R","Defend_R","Defend_R","Bash","Good Instincts","Flame Barrier","Inflame+1","Iron Wave","Spot Weakness","Anger","Sword Boomerang","Uppercut","Ghostly Armor","Armaments+1","Impervious","CurseOfTheBell","Seeing Red","Necronomicurse","Shockwave"],"potion_use_per_floor":[[],[],[],[],[],[],[],[],[],["Weak Potion"],[],[],[],["Regen Potion","Swift Potion"],[],[],[],[],["EssenceOfSteel"],[],[],["FairyPotion"],[]],"relics":["Burning Blood","Golden Idol","Question Card","MawBank","Pear","Strawberry","Calling Bell","Smiling Mask","Mummified Hand","Turnip","Necronomicon"],"potions_floor_usage":[10,14,14,19],"damage_taken":[{"damage":3,"enemies":"2 Louse","floor":1,"turns":4},{"damage":12,"enemies":"Jaw Worm","floor":2,"turns":5},{"damage":0,"enemies":"Cultist","floor":4,"turns":3},{"damage":20,"enemies":"3 Sentries","floor":8,"turns":8},{"damage":23,"enemies":"Gremlin Nob","floor":10,"turns":4},{"damage":8,"enemies":"Large Slime","floor":11,"turns":4},{"damage":15,"enemies":"3 Sentries","floor":12,"turns":5},{"damage":0,"enemies":"Looter","floor":13,"turns":4},{"damage":15,"enemies":"Gremlin Gang","floor":14,"turns":5},{"damage":32,"enemies":"The Guardian","floor":16,"turns":7},{"damage":12,"enemies":"Chosen","floor":18,"turns":6},{"damage":15,"enemies":"2 Thieves","floor":19,"turns":4},{"damage":44,"enemies":"Centurion and Healer","floor":22,"turns":10},{"damage":40,"enemies":"Gremlin Leader","floor":23,"turns":5}],"seed_played":"120662425424505747","neow_bonus_log":{"cardsObtained":[],"cardsUpgraded":[],"cardsRemoved":[],"cardsTransformed":[],"relicsObtained":[],"maxHpGained":0,"goldGained":0,"damageTaken":0,"goldLost":0,"maxHpLost":0},"potions_obtained":[{"floor":2,"key":"Swift Potion"},{"floor":8,"key":"Weak Potion"},{"floor":10,"key":"Ancient Potion"},{"floor":13,"key":"Regen Potion"},{"floor":14,"key":"EssenceOfSteel"},{"floor":16,"key":"FairyPotion"},{"floor":19,"key":"FearPotion"}],"is_trial":false,"path_per_floor":["M","M","?","M","?","R","$","E","T","E","M","E","M","M","R","B",null,"M","M","?","?","M","E"],"character_chosen":"IRONCLAD","items_purchased":["Anger"],"campfire_rested":0,"item_purchase_floors":[7],"current_hp_per_floor":[71,65,65,71,68,68,68,54,54,47,45,43,49,54,54,28,71,65,56,35,35,31,0],"gold":479,"neow_bonus":"RANDOM_COLORLESS","is_prod":false,"is_daily":false,"rewards_skipped":[],"chose_seed":false,"campfire_upgraded":2,"win_rate":0,"floor_exit_playtime":[301,373,447,515,520,529,633,836,852,1018,1095,1323,1448,1655,1661,1834,2136,2242,2323,2339,2356,2541],"timestamp":1657678911,"path_taken":["M","M","?","M","?","R","?","E","T","E","M","E","M","M","R","BOSS","M","?","?","?","M","E"],"build_version":"2022-03-07","purchased_purges":1,"victory":false,"max_hp_per_floor":[75,75,75,75,68,68,68,68,68,78,78,85,85,85,85,85,85,85,85,85,85,85,85],"relic_stats":{"counters":[14,74],"Golden Idol":64,"Mummified Hand":[6],"Turnip":[7],"Necronomicon":[3],"Question Card":10,"MawBank":168,"Smiling Mask":0,"obtain_stats":[{"Calling Bell":17,"Pear":10,"Golden Idol":5,"Mummified Hand":17,"Strawberry":12,"Turnip":17,"Necronomicon":20,"Question Card":8,"MawBank":9,"Smiling Mask":17,"Burning Blood":0},{"Calling Bell":10,"Pear":5,"Golden Idol":3,"Mummified Hand":10,"Strawberry":7,"Turnip":10,"Necronomicon":12,"Question Card":4,"MawBank":4,"Smiling Mask":10,"Burning Blood":0},{"Calling Bell":49,"Pear":24,"Golden Idol":12,"Mummified Hand":49,"Strawberry":33,"Turnip":49,"Necronomicon":59,"Question Card":20,"MawBank":20,"Smiling Mask":49,"Burning Blood":0}],"Burning Blood":78},"card_choices":[{"not_picked":["Jack Of All Trades","Finesse"],"picked":"Good Instincts","floor":0},{"not_picked":["Havoc","Cleave"],"picked":"Flame Barrier","floor":1},{"not_picked":["Anger","Spot Weakness"],"picked":"Inflame","floor":2},{"not_picked":["Clothesline","Feel No Pain"],"picked":"Spot Weakness","floor":4},{"not_picked":["Exhume","Clash","Warcry"],"picked":"SKIP","floor":8},{"not_picked":["Searing Blow","Intimidate","Heavy Blade"],"picked":"Sword Boomerang","floor":10},{"not_picked":["Twin Strike","Flex","Iron Wave"],"picked":"Uppercut","floor":11},{"not_picked":["Havoc","Seeing Red","Armaments"],"picked":"Ghostly Armor","floor":12},{"not_picked":["Intimidate","Uppercut","Headbutt"],"picked":"Armaments","floor":13},{"not_picked":["Iron Wave","Warcry","Second Wind","Power Through"],"picked":"SKIP","floor":14},{"not_picked":["Fiend Fire","Brutality","Berserk"],"picked":"Impervious","floor":16},{"not_picked":["Searing Blow","Warcry","Burning Pact+1"],"picked":"Seeing Red","floor":18},{"not_picked":["Rampage","Searing Blow","Twin Strike","Seeing Red"],"picked":"SKIP","floor":19},{"not_picked":["Twin Strike+1","Shrug It Off","Hemokinesis"],"picked":"Shockwave","floor":22}],"player_experience":13035574,"relics_obtained":[{"floor":8,"key":"Question Card"},{"floor":9,"key":"MawBank"},{"floor":10,"key":"Pear"},{"floor":12,"key":"Strawberry"},{"floor":17,"key":"Smiling Mask"},{"floor":17,"key":"Mummified Hand"},{"floor":17,"key":"Turnip"},{"floor":20,"key":"Necronomicon"}],"event_choices":[{"damage_healed":0,"gold_gain":0,"cards_transformed":["Defend_R"],"player_choice":"Change","damage_taken":0,"max_hp_gain":0,"max_hp_loss":0,"event_name":"Living Wall","floor":3,"gold_loss":0,"cards_obtained":["Iron Wave"]},{"damage_healed":0,"gold_gain":0,"player_choice":"Lose Max HP","damage_taken":0,"relics_obtained":["Golden Idol"],"max_hp_gain":0,"max_hp_loss":7,"event_name":"Golden Idol","floor":5,"gold_loss":0},{"damage_healed":0,"gold_gain":0,"player_choice":"Obtained Book","damage_taken":21,"max_hp_gain":0,"max_hp_loss":0,"event_name":"Cursed Tome","floor":20,"gold_loss":0},{"cards_removed":["Strike_R"],"damage_healed":0,"gold_gain":0,"player_choice":"Purged","damage_taken":0,"max_hp_gain":0,"max_hp_loss":0,"event_name":"Purifier","floor":21,"gold_loss":0}],"is_beta":false,"boss_relics":[{"not_picked":["Ectoplasm","Pandora\u0027s Box"],"picked":"Calling Bell"}],"items_purged_floors":[7],"is_endless":false,"potions_floor_spawned":[2,8,10,13,14,16,19],"killed_by":"Gremlin Leader","ascension_level":20,"potion_discard_per_floor":[[],[],[],[],[],[],[],[],[],[],[],[],["Ancient Potion"],[],[],[],[],[],[],[],[],[],[]]}