{"gold_per_floor":[17,17,92,108,108,143,163,193,246,258,284,301,301,314,314,393,393,405,419,419,171,184,184,184,184,184,215,227,37,63,82,82,156,156,175,189,189,189,189,217,17,33,33,58,27,27,60,76,76,76,76,76,76,76,105,105],"floor_reached":57,"playtime":8301,"items_purged":["Strike_R","Strike_R"],"score":2840,"play_id":"a4e275c7-22ac-4b65-aaeb-b1db27a69ff5","local_time":"20220710101636","falling_options_log":["Dark Shackles","Brutality+1"],"is_ascension_mode":true,"campfire_choices":[{"data":"Fiend Fire","floor":13,"key":"SMITH"},{"data":"Armaments","floor":15,"key":"SMITH"},{"data":"Brutality","floor":23,"key":"SMITH"},{"data":"Exhume","floor":32,"key":"SMITH"},{"data":"Dark Embrace","floor":46,"key":"SMITH"},{"floor":49,"key":"RECALL"},{"data":"Exhume","floor":53,"key":"SMITH"}],"neow_cost":"NO_GOLD","seed_source_timestamp":949301330062100,"shop_contents":[{"floor":21,"relics":["Du-Vu Doll","PrismaticShard"],"cards":["Twin Strike","Anger","Bloodletting","Flex","Dark Embrace","Impatience","Metamorphosis"],"potions":["Dexterity Potion","Weak Potion","Ancient Potion"]},{"floor":29,"relics":["Tiny Chest","White Beast Statue","Frozen Eye"],"cards":["Clothesline","Wild Strike","Armaments","Dual Wield","Combust","Secret Technique"],"potions":["LiquidBronze","AttackPotion","DistilledChaos"]},{"floor":41,"relics":["Bottled Flame","Blue Candle","Dead Branch"],"cards":["Fiend Fire","Clash","Shrug It Off","Shrug It Off","Berserk","Bandage Up","The Bomb"],"potions":["SkillPotion","BlessingOfTheForge","Ancient Potion"]},{"floor":45,"relics":["Happy Flower","Pantograph","Chemical X"],"cards":["Headbutt","Body Slam","Ghostly Armor","Armaments","Combust","Blind","HandOfGreed"],"potions":["SneckoOil","Fire Potion","GamblersBrew"]},{"floor":54,"relics":["Calipers","Magic Flower","ClockworkSouvenir"],"cards":["Reaper","Wild Strike","Offering","Flame Barrier","Metallicize","Swift Strike","Secret Weapon"],"potions":["SmokeBomb","SkillPotion","Regen Potion"]}],"circlet_count":0,"master_deck":["AscendersBane","Strike_R","Defend_R","Defend_R","Defend_R","Defend_R","Spot Weakness","Pommel Strike+1","Armaments+1","Anger","Brutality+1","Fiend Fire+1","Shockwave","Feed","Shockwave","Shrug It Off","Immolate+1","Exhume+1","Dark Shackles","Fiend Fire","Exhume+1","Second Wind","Writhe","Dark Embrace+1","Parasite"],"potion_use_per_floor":[[],[],[],[],[],[],[],["Weak Potion"],[],[],["Fire Potion"],[],[],[],[],[],[],["Fruit Juice"],["EssenceOfSteel"],[],[],[],[],[],[],[],["ColorlessPotion","FearPotion"],[],[],[],[],[],["LiquidMemories","SpeedPotion"],[],[],[],[],[],[],[],[],[],[],["BlessingOfTheForge"],[],[],[],[],[],[],[],[],[],[],[],["Swift Potion"],[]],"relics":["Burning Blood","Question Card","Whetstone","Red Skull","Kunai","Mark of Pain","MealTicket","Nilry\u0027s Codex","Sundial","Pear","Cursed Key","The Courier","Medical Kit","Thread and Needle","TungstenRod","Letter Opener","Art of War"],"potions_floor_usage":[8,11,18,19,27,27,33,33,44,56],"damage_taken":[{"damage":0,"enemies":"Cultist","floor":1,"turns":3},{"damage":2,"enemies":"Jaw Worm","floor":4,"turns":3},{"damage":15,"enemies":"3 Sentries","floor":6,"turns":6},{"damage":11,"enemies":"Small Slimes","floor":7,"turns":3},{"damage":23,"enemies":"Lagavulin","floor":8,"turns":10},{"damage":0,"enemies":"2 Fungi Beasts","floor":10,"turns":1},{"damage":9,"enemies":"Gremlin Nob","floor":11,"turns":3},{"damage":0,"enemies":"Blue Slaver","floor":12,"turns":1},{"damage":17,"enemies":"Lots of Slimes","floor":14,"turns":4},{"damage":24,"enemies":"The Guardian","floor":16,"turns":10},{"damage":9,"enemies":"Chosen","floor":18,"turns":3},{"damage":22,"enemies":"2 Thieves","floor":19,"turns":3},{"damage":1,"enemies":"Cultist and Chosen","floor":22,"turns":3},{"damage":8,"enemies":"Slavers","floor":27,"turns":5},{"damage":1,"enemies":"Snake Plant","floor":28,"turns":2},{"damage":27,"enemies":"Gremlin Leader","floor":30,"turns":4},{"damage":20,"enemies":"Centurion and Healer","floor":31,"turns":10},{"damage":41,"enemies":"Automaton","floor":33,"turns":7},{"damage":16,"enemies":"3 Shapes","floor":35,"turns":7},{"damage":2,"enemies":"Orb Walker","floor":36,"turns":3},{"damage":12,"enemies":"Reptomancer","floor":40,"turns":5},{"damage":48,"enemies":"Jaw Worm Horde","floor":42,"turns":4},{"damage":6,"enemies":"Mind Bloom Boss Battle","floor":44,"turns":7},{"damage":0,"enemies":"Giant Head","floor":47,"turns":4},{"damage":0,"enemies":"Writhing Mass","floor":48,"turns":7},{"damage":18,"enemies":"Time Eater","floor":50,"turns":10},{"damage":40,"enemies":"Donu and Deca","floor":51,"turns":4},{"damage":25,"enemies":"Shield and Spear","floor":55,"turns":3},{"damage":61,"enemies":"The Heart","floor":56,"turns":6}],"seed_played":"-9109524838649978025","neow_bonus_log":{"cardsObtained":["Immolate","Clash"],"cardsUpgraded":[],"cardsRemoved":[],"cardsTransformed":["Strike_R","Strike_R"],"relicsObtained":[],"maxHpGained":0,"goldGained":0,"damageTaken":0,"goldLost":99,"maxHpLost":0},"potions_obtained":[{"floor":4,"key":"Fire Potion"},{"floor":6,"key":"Weak Potion"},{"floor":11,"key":"FearPotion"},{"floor":16,"key":"Fruit Juice"},{"floor":18,"key":"EssenceOfSteel"},{"floor":22,"key":"ColorlessPotion"},{"floor":28,"key":"LiquidMemories"},{"floor":30,"key":"SpeedPotion"},{"floor":35,"key":"FairyPotion"},{"floor":36,"key":"LiquidBronze"},{"floor":42,"key":"BlessingOfTheForge"},{"floor":44,"key":"PowerPotion"},{"floor":55,"key":"Swift Potion"}],"is_trial":false,"path_per_floor":["M","?","?","M","?","E","M","E","T","M","E","M","R","M","R","B",null,"M","M","?","$","M","R","?","?","T","E","M","$","E","M","R","B",null,"M","M","?","?","?","E","$","M","T","?","$","R","E","M","R","B","B",null,"R","$","E","B",null],"character_chosen":"IRONCLAD","items_purchased":["MealTicket","Dark Shackles","Exhume","Medical Kit","Dark Embrace"],"campfire_rested":0,"item_purchase_floors":[21,29,41,41,45],"current_hp_per_floor":[74,67,56,60,65,56,51,34,34,40,37,43,43,32,32,14,64,69,53,53,53,62,62,41,41,41,43,51,66,58,48,48,16,93,87,95,95,95,95,93,108,70,70,73,88,88,97,106,106,94,60,119,119,134,118,63],"gold":105,"neow_bonus":"TRANSFORM_TWO_CARDS","is_prod":false,"is_daily":false,"rewards_skipped":[{"floor":31,"relics":[],"potions":["EssenceOfSteel"]},{"floor":48,"relics":[],"potions":["LiquidBronze"]}],"chose_seed":false,"campfire_upgraded":6,"win_rate":0,"floor_exit_playtime":[364,446,456,585,594,762,834,1124,1128,1158,1253,1295,1323,1421,1429,1971,2202,2308,2450,2549,2699,2931,2942,2951,2986,3002,3353,3520,3554,3675,3875,3885,4329,4423,4741,4786,4801,4838,4966,5134,5227,5378,5383,5603,5644,5651,5882,6243,6248,6837,7120,7154,7167,7194,7600,8301],"timestamp":1657462596,"blue_key_relic_skipped_log":{"floor":26,"relicID":"StrikeDummy"},"path_taken":["M","?","?","M","?","E","M","E","T","M","E","?","R","M","R","BOSS","M","M","?","$","M","R","?","?","T","E","M","$","E","?","R","BOSS","M","M","?","?","?","E","?","M","T","?","$","R","E","M","R","BOSS","BOSS","R","$","E","BOSS"],"build_version":"2022-03-07","purchased_purges":2,"victory":true,"max_hp_per_floor":[75,75,75,75,80,80,80,80,80,80,80,80,80,80,80,80,80,88,88,88,88,92,92,92,92,92,96,99,99,112,116,116,119,119,123,127,121,121,121,125,125,129,129,132,132,132,135,138,138,138,138,138,138,138,141,141],"relic_stats":{"counters":[29,140],"Nilry\u0027s Codex":[3,25,8,36],"The Courier":59,"Whetstone":["Immolate","Pommel Strike"],"Letter Opener":[235],"Question Card":23,"Cursed Key":1,"Medical Kit":[15],"Burning Blood":174,"Sundial":[204],"MealTicket":60,"Art of War":[2],"Kunai":[40],"obtain_stats":[{"Pear":30,"Nilry\u0027s Codex":24,"Thread and Needle":43,"The Courier":40,"Whetstone":8,"Letter Opener":47,"Question Card":6,"Cursed Key":34,"Medical Kit":41,"Burning Blood":0,"Sundial":27,"MealTicket":21,"Mark of Pain":17,"Art of War":55,"Kunai":11,"Red Skull":9,"TungstenRod":44},{"Pear":16,"Nilry\u0027s Codex":13,"Thread and Needle":22,"The Courier":21,"Whetstone":5,"Letter Opener":24,"Question Card":3,"Cursed Key":18,"Medical Kit":21,"Burning Blood":0,"Sundial":14,"MealTicket":12,"Mark of Pain":10,"Art of War":28,"Kunai":7,"Red Skull":5,"TungstenRod":23},{"Pear":64,"Nilry\u0027s Codex":53,"Thread and Needle":100,"The Courier":96,"Whetstone":25,"Letter Opener":111,"Question Card":12,"Cursed Key":81,"Medical Kit":96,"Burning Blood":0,"Sundial":58,"MealTicket":50,"Mark of Pain":44,"Art of War":135,"Kunai":29,"Red Skull":25,"TungstenRod":107}],"TungstenRod":55},"card_choices":[{"not_picked":["Perfected Strike","Twin Strike","Combust"],"picked":"SKIP","floor":1},{"not_picked":["Body Slam","Dark Embrace"],"picked":"Spot Weakness","floor":4},{"not_picked":["Dual Wield","Ghostly Armor"],"picked":"Pommel Strike","floor":6},{"not_picked":["Flex","Dark Embrace","Clothesline"],"picked":"Armaments","floor":7},{"not_picked":["Feel No Pain","Searing Blow","True Grit"],"picked":"Anger","floor":8},{"not_picked":["Flex","Cleave","Headbutt"],"picked":"Brutality","floor":10},{"not_picked":["Inflame","Anger","Cleave"],"picked":"Fiend Fire","floor":11},{"not_picked":["Power Through","Headbutt","Perfected Strike"],"picked":"Shockwave","floor":12},{"not_picked":["Second Wind","Havoc","Flex","Wild Strike"],"picked":"SKIP","floor":14},{"not_picked":["Immolate","Limit Break","Demon Form"],"picked":"Feed","floor":16},{"not_picked":["Twin Strike","Inflame+1","Searing Blow"],"picked":"Shockwave","floor":18},{"not_picked":["Feel No Pain","Intimidate","Anger"],"picked":"Shrug It Off","floor":19},{"not_picked":["Uppercut","Searing Blow+1","Thunderclap"],"picked":"Exhume","floor":22},{"not_picked":["Headbutt","Anger","Clash","Body Slam"],"picked":"SKIP","floor":27},{"not_picked":["Armaments+1","True Grit","Sword Boomerang","Inflame"],"picked":"SKIP","floor":28},{"not_picked":["Cleave","Spot Weakness+1","Perfected Strike","Iron Wave"],"picked":"SKIP","floor":30},{"not_picked":["Pummel","Twin Strike","True Grit","Body Slam"],"picked":"SKIP","floor":31},{"not_picked":["Exhume","Feed","Limit Break"],"picked":"Fiend Fire","floor":33},{"not_picked":["Perfected Strike+1","Armaments","Havoc","True Grit"],"picked":"SKIP","floor":35},{"not_picked":["Perfected Strike+1","Armaments","Havoc","True Grit"],"picked":"SKIP","floor":35},{"not_picked":["Intimidate","Havoc","True Grit","Metallicize"],"picked":"SKIP","floor":36},{"not_picked":["Entrench","Flex","Pummel","Warcry"],"picked":"SKIP","floor":40},{"not_picked":["Entrench","Flex","Pummel","Warcry"],"picked":"SKIP","floor":40},{"not_picked":["Headbutt+1","Fire Breathing","Entrench"],"picked":"Second Wind","floor":42},{"not_picked":["Carnage","Twin Strike+1","Shockwave","Rage"],"picked":"SKIP","floor":47},{"not_picked":["Clash","Pommel Strike","Sword Boomerang","Rage"],"picked":"SKIP","floor":48},{"not_picked":["Ghostly Armor","Hemokinesis","Clothesline","Warcry"],"picked":"SKIP","floor":55},{"not_picked":["Ghostly Armor","Hemokinesis","Clothesline","Warcry"],"picked":"SKIP","floor":55}],"player_experience":13007391,"relics_obtained":[{"floor":6,"key":"Question Card"},{"floor":8,"key":"Whetstone"},{"floor":9,"key":"Red Skull"},{"floor":11,"key":"Kunai"},{"floor":24,"key":"Nilry\u0027s Codex"},{"floor":27,"key":"Sundial"},{"floor":30,"key":"Pear"},{"floor":40,"key":"The Courier"},{"floor":43,"key":"Thread and Needle"},{"floor":44,"key":"TungstenRod"},{"floor":47,"key":"Letter Opener"},{"floor":55,"key":"Art of War"}],"event_choices":[{"cards_removed":["Clash"],"damage_healed":0,"gold_gain":0,"player_choice":"Card Removal","damage_taken":7,"max_hp_gain":0,"max_hp_loss":0,"event_name":"Golden Wing","floor":2,"gold_loss":0},{"damage_healed":0,"gold_gain":75,"player_choice":"Gather Gold","damage_taken":11,"max_hp_gain":0,"max_hp_loss":0,"event_name":"World of Goop","floor":3,"gold_loss":0},{"damage_healed":0,"gold_gain":0,"player_choice":"Donut","damage_taken":0,"max_hp_gain":5,"max_hp_loss":0,"event_name":"Big Fish","floor":5,"gold_loss":0},{"damage_healed":0,"gold_gain":0,"player_choice":"Copied","damage_taken":0,"max_hp_gain":0,"max_hp_loss":0,"event_name":"Duplicator","floor":20,"gold_loss":0,"cards_obtained":["Immolate"]},{"damage_healed":0,"gold_gain":0,"player_choice":"Obtained Book","damage_taken":21,"max_hp_gain":0,"max_hp_loss":0,"event_name":"Cursed Tome","floor":24,"gold_loss":0},{"damage_healed":0,"gold_gain":0,"player_choice":"Ignored","damage_taken":0,"max_hp_gain":0,"max_hp_loss":0,"event_name":"Vampires","floor":25,"gold_loss":0},{"damage_healed":0,"gold_gain":0,"player_choice":"Max HP","damage_taken":0,"max_hp_gain":0,"max_hp_loss":6,"event_name":"Winding Halls","floor":37,"gold_loss":0},{"cards_removed":["Immolate"],"damage_healed":0,"gold_gain":0,"player_choice":"Removed Attack","damage_taken":0,"max_hp_gain":0,"max_hp_loss":0,"event_name":"Falling","floor":38,"gold_loss":0},{"cards_removed":["Bash"],"damage_healed":0,"gold_gain":0,"player_choice":"Card Removal","damage_taken":0,"max_hp_gain":0,"max_hp_loss":0,"event_name":"Wheel of Change","floor":39,"gold_loss":0},{"damage_healed":0,"gold_gain":0,"player_choice":"Fight","damage_taken":0,"max_hp_gain":0,"max_hp_loss":0,"event_name":"MindBloom","floor":44,"gold_loss":0}],"is_beta":false,"boss_relics":[{"not_picked":["Ectoplasm","SacredBark"],"picked":"Mark of Pain"},{"not_picked":["Sozu","Black Blood"],"picked":"Cursed Key"}],"items_purged_floors":[21,29],"is_endless":false,"potions_floor_spawned":[4,6,11,16,18,22,28,30,31,35,36,42,44,48,55],"ascension_level":20,"potion_discard_per_floor":[[],[],[],[],[],[],[],[],[],[],[],[],[],[],[],[],[],[],[],[],[],[],[],[],[],[],[],[],[],[],[],[],[],[],[],[],[],[],[],[],[],["LiquidBronze"],[],[],[],[],[],[],[],[],[],[],[],[],["PowerPotion"],["FairyPotion"],[]]}