{"neow_bonuses_skipped_log":["THREE_CARDS","THREE_RARE_CARDS","BOSS_RELIC"],"neow_costs_skipped_log":["NONE","PERCENT_DAMAGE","NONE"],"potions_obtained_entropic_brew":[[],[],[],[],[],[],[],[],[],[],[],[],[],[],[],[],[],[],[],[],[],[],[],[],[],[],[],[],[],[],[],[],[],[],["DistilledChaos","Swift Potion","Weak Potion","DuplicationPotion"],[],[],[],[]],"gold_per_floor":[118,133,133,148,172,205,205,220,289,308,308,321,46,85,85,175,175,194,212,230,230,255,288,24,24,48,48,48,48,72,116,116,212,212,225,239,239,302,302],"floor_reached":39,"playtime":5313,"items_purged":["Strike_R","Strike_R"],"score":916,"play_id":"7bb92161-a4db-40e2-8371-206d0f68d443","local_time":"20220806132242","score_breakdown":["Floors Climbed (39): 195","Enemies Slain (14): 28","Exordium Elites Killed (2): 20","City Elites Killed (2): 40","Beyond Elites Killed (0): 0","Bosses Slain (2): 150","Champion (1): 25","Ascension (20): 458"],"is_ascension_mode":true,"potions_obtained_alchemize":[[],[],[],[],[],[],[],[],[],[],[],[],[],[],[],[],[],[],[],[],[],[],[],[],[],[],[],[],[],[],[],[],[],[],[],[],[],[],[]],"campfire_choices":[{"data":"Cleave","floor":7,"key":"SMITH"},{"data":"Fiend Fire","floor":11,"key":"SMITH"},{"data":"Iron Wave","floor":15,"key":"SMITH"},{"data":"Shockwave","floor":25,"key":"SMITH"},{"data":"Power Through","floor":29,"key":"SMITH"},{"data":"Inflame","floor":32,"key":"SMITH"}],"lesson_learned_per_floor":[[],[],[],[],[],[],[],[],[],[],[],[],[],[],[],[],[],[],[],[],[],[],[],[],[],[],[],[],[],[],[],[],[],[],[],[],[],[],[]],"neow_cost":"NONE","seed_source_timestamp":623186923485000,"shop_contents":[{"floor":13,"relics":["Matryoshka","ClockworkSouvenir"],"cards":["Blood for Blood","Pommel Strike","Warcry","Fire Breathing","Impatience","Transmutation"],"potions":["BlessingOfTheForge","Regen Potion","HeartOfIron"]},{"floor":24,"relics":["Shovel","White Beast Statue","Frozen Eye"],"cards":["Uppercut","Carnage","Combust","Flash of Steel","The Bomb"],"potions":["SkillPotion","BloodPotion","SkillPotion"]},{"floor":27,"relics":["FossilizedHelix","War Paint","Medical Kit"],"cards":["Perfected Strike","Headbutt","Disarm","Infernal Blade","Barricade","PanicButton","The Bomb"],"potions":["PowerPotion","Ancient Potion","GamblersBrew"]}],"circlet_count":0,"master_deck":["AscendersBane","Strike_R+1","Strike_R+1","Strike_R+1","Defend_R+1","Defend_R+1","Defend_R+1","Defend_R+1","Bash","Cleave+1","Feel No Pain","Power Through+1","Anger","Iron Wave+1","Fiend Fire+1","Flame Barrier","Impervious","Evolve","Disarm+1","Inflame+1","Twin Strike+1","Disarm+1","Shockwave+1","Burning Pact","Sword Boomerang+1","Reaper","Exhume","Uppercut"],"potion_use_per_floor":[[],[],[],[],[],["FearPotion"],[],[],[],[],[],[],[],[],[],["HeartOfIron"],[],[],["SpeedPotion"],[],[],[],["AttackPotion","Swift Potion"],[],[],[],[],[],[],[],[],[],["Fire Potion"],[],["EntropicBrew","Swift Potion"],[],[],["DistilledChaos"],[]],"relics":["Burning Blood","Omamori","Golden Idol","Nunchaku","Potion Belt","Ice Cream","Coffee Dripper","Bottled Lightning","Orichalcum","Happy Flower","SacredBark","Du-Vu Doll"],"potions_floor_usage":[6,16,19,23,23,33,35,35,38],"damage_taken":[{"damage":7,"enemies":"Small Slimes","floor":1,"turns":5},{"damage":1,"enemies":"Cultist","floor":2,"turns":3},{"damage":7,"enemies":"2 Louse","floor":4,"turns":3},{"damage":17,"enemies":"Blue Slaver","floor":5,"turns":5},{"damage":46,"enemies":"Gremlin Nob","floor":6,"turns":5},{"damage":10,"enemies":"3 Louse","floor":8,"turns":4},{"damage":0,"enemies":"Large Slime","floor":10,"turns":4},{"damage":0,"enemies":"Looter","floor":12,"turns":2},{"damage":10,"enemies":"3 Sentries","floor":14,"turns":10},{"damage":2,"enemies":"The Guardian","floor":16,"turns":13},{"damage":4,"enemies":"Spheric Guardian","floor":18,"turns":4},{"damage":12,"enemies":"2 Thieves","floor":19,"turns":4},{"damage":1,"enemies":"Chosen and Byrds","floor":20,"turns":6},{"damage":11,"enemies":"3 Cultists","floor":22,"turns":6},{"damage":14,"enemies":"Gremlin Leader","floor":23,"turns":9},{"damage":0,"enemies":"Centurion and Healer","floor":30,"turns":8},{"damage":0,"enemies":"Book of Stabbing","floor":31,"turns":5},{"damage":70,"enemies":"Collector","floor":33,"turns":14},{"damage":5,"enemies":"3 Shapes","floor":35,"turns":6},{"damage":15,"enemies":"Orb Walker","floor":36,"turns":5},{"damage":43,"enemies":"2 Orb Walkers","floor":38,"turns":4},{"damage":43,"enemies":"Jaw Worm Horde","floor":39,"turns":3}],"seed_played":"-458143365484605230","neow_bonus_log":{"cardsObtained":[],"cardsUpgraded":[],"cardsRemoved":[],"cardsTransformed":[],"relicsObtained":["Omamori"],"maxHpGained":0,"goldGained":0,"damageTaken":0,"goldLost":0,"maxHpLost":0},"potions_obtained":[{"floor":2,"key":"FearPotion"},{"floor":6,"key":"AttackPotion"},{"floor":10,"key":"HeartOfIron"},{"floor":12,"key":"Swift Potion"},{"floor":18,"key":"SpeedPotion"},{"floor":20,"key":"AttackPotion"},{"floor":30,"key":"Fire Potion"},{"floor":33,"key":"EntropicBrew"}],"is_trial":false,"path_per_floor":["M","M","?","M","M","E","R","M","T","M","R","M","$","E","R","B",null,"M","M","M","?","M","E","$","R","T","$","?","R","M","E","R","B",null,"M","M","?","?","M"],"character_chosen":"IRONCLAD","items_purchased":["Potion Belt","Flame Barrier","Shockwave","Burning Pact"],"campfire_rested":0,"item_purchase_floors":[13,13,24,24],"current_hp_per_floor":[67,72,72,71,60,20,20,16,16,22,22,28,28,24,24,28,63,65,59,64,64,59,51,51,51,51,51,51,51,57,63,63,13,60,73,70,70,38,0],"gold":302,"neow_bonus":"RANDOM_COMMON_RELIC","is_prod":false,"is_daily":false,"rewards_skipped":[],"chose_seed":false,"campfire_upgraded":6,"win_rate":0,"floor_exit_playtime":[236,289,403,603,724,1059,1094,1215,1240,1307,1316,1467,1896,2138,2146,2357,2436,2506,2605,2847,2887,3062,3375,3494,3502,3505,3514,3597,3673,3861,4059,4065,4453,4550,4703,4777,4850,5092],"timestamp":1659806562,"blue_key_relic_skipped_log":{"floor":9,"relicID":"Bottled Flame"},"path_taken":["M","M","?","M","M","E","R","M","T","?","R","M","?","E","R","BOSS","M","?","M","?","M","E","$","R","T","?","?","R","M","E","R","BOSS","M","?","?","?","?"],"build_version":"2022-03-07","purchased_purges":2,"victory":false,"max_hp_per_floor":[75,75,75,75,75,75,75,75,75,75,75,75,75,75,75,75,75,75,75,75,75,75,75,75,75,75,75,75,75,75,75,75,75,75,75,75,75,75,75],"relic_stats":{"Ice Cream":[135],"Nunchaku":[19],"Happy Flower":[10],"counters":[22,128],"Golden Idol":127,"Omamori":1,"Bottled Lightning":"Disarm","Orichalcum":[72],"obtain_stats":[{"Potion Belt":13,"Ice Cream":14,"Du-Vu Doll":38,"Nunchaku":6,"Happy Flower":31,"Golden Idol":3,"SacredBark":34,"Omamori":0,"Coffee Dripper":17,"Bottled Lightning":23,"Orichalcum":26,"Burning Blood":0},{"Potion Belt":8,"Ice Cream":9,"Du-Vu Doll":21,"Nunchaku":5,"Happy Flower":17,"Golden Idol":2,"SacredBark":18,"Omamori":0,"Coffee Dripper":10,"Bottled Lightning":15,"Orichalcum":15,"Burning Blood":0},{"Potion Belt":31,"Ice Cream":41,"Du-Vu Doll":125,"Nunchaku":21,"Happy Flower":96,"Golden Idol":8,"SacredBark":110,"Omamori":0,"Coffee Dripper":54,"Bottled Lightning":83,"Orichalcum":83,"Burning Blood":0}],"Burning Blood":126},"card_choices":[{"not_picked":["Searing Blow","Body Slam"],"picked":"Cleave","floor":1},{"not_picked":["True Grit","Sentinel","Flex"],"picked":"SKIP","floor":2},{"not_picked":["Warcry","Cleave"],"picked":"Feel No Pain","floor":4},{"not_picked":["Seeing Red","Entrench"],"picked":"Power Through","floor":5},{"not_picked":["Perfected Strike","Bloodletting"],"picked":"Anger","floor":6},{"not_picked":["Anger","Dual Wield"],"picked":"Iron Wave","floor":8},{"not_picked":["Perfected Strike","Burning Pact"],"picked":"Fiend Fire","floor":10},{"not_picked":["Flex","Blood for Blood","Heavy Blade"],"picked":"SKIP","floor":12},{"not_picked":["Flex","Blood for Blood","Heavy Blade"],"picked":"SKIP","floor":12},{"not_picked":["Thunderclap","Clothesline","Twin Strike"],"picked":"SKIP","floor":14},{"not_picked":["Bludgeon","Juggernaut"],"picked":"Impervious","floor":16},{"not_picked":["Havoc","Feel No Pain"],"picked":"Evolve","floor":18},{"not_picked":["Dropkick","Sentinel"],"picked":"Disarm+1","floor":19},{"not_picked":["Headbutt","Perfected Strike"],"picked":"Inflame","floor":20},{"not_picked":["Pummel","Clothesline"],"picked":"Twin Strike+1","floor":22},{"not_picked":["Twin Strike","True Grit"],"picked":"Disarm+1","floor":23},{"not_picked":["Perfected Strike","Ghostly Armor"],"picked":"Sword Boomerang+1","floor":30},{"not_picked":["Wild Strike","Whirlwind"],"picked":"Reaper","floor":31},{"not_picked":["Juggernaut","Berserk"],"picked":"Exhume","floor":33},{"not_picked":["Armaments","Combust","Perfected Strike"],"picked":"SKIP","floor":35},{"not_picked":["Dual Wield","Thunderclap","Havoc"],"picked":"SKIP","floor":36},{"not_picked":["Body Slam+1","Feed"],"picked":"Uppercut","floor":38}],"player_experience":13085636,"relics_obtained":[{"floor":6,"key":"Nunchaku"},{"floor":14,"key":"Ice Cream"},{"floor":23,"key":"Bottled Lightning"},{"floor":26,"key":"Orichalcum"},{"floor":31,"key":"Happy Flower"},{"floor":38,"key":"Du-Vu Doll"}],"event_choices":[{"damage_healed":0,"gold_gain":0,"player_choice":"Take Wound","damage_taken":0,"relics_obtained":["Golden Idol"],"max_hp_gain":0,"max_hp_loss":0,"event_name":"Golden Idol","floor":3,"gold_loss":0,"cards_obtained":["Injury"]},{"damage_healed":0,"gold_gain":0,"player_choice":"Ignored","damage_taken":0,"max_hp_gain":0,"max_hp_loss":0,"event_name":"Vampires","floor":21,"gold_loss":0},{"damage_healed":0,"gold_gain":0,"player_choice":"Simplicity","damage_taken":0,"max_hp_gain":0,"max_hp_loss":0,"event_name":"Back to Basics","floor":28,"gold_loss":0,"cards_upgraded":["Strike_R","Strike_R","Strike_R","Defend_R","Defend_R","Defend_R","Defend_R"]},{"damage_healed":0,"gold_gain":0,"player_choice":"Ignored","damage_taken":0,"max_hp_gain":0,"max_hp_loss":0,"event_name":"Tomb of Lord Red Mask","floor":37,"gold_loss":0},{"damage_healed":0,"gold_gain":0,"player_choice":"Fight","damage_taken":0,"max_hp_gain":0,"max_hp_loss":0,"event_name":"Mysterious Sphere","floor":38,"gold_loss":0}],"is_beta":false,"boss_relics":[{"not_picked":["Tiny House","Black Star"],"picked":"Coffee Dripper"},{"not_picked":["Astrolabe","Mark of Pain"],"picked":"SacredBark"}],"items_purged_floors":[13,24],"is_endless":false,"potions_floor_spawned":[2,6,10,12,18,20,30,33],"killed_by":"Jaw Worm Horde","ascension_level":20,"potion_discard_per_floor":[[],[],[],[],[],[],[],[],[],[],[],["AttackPotion"],[],[],[],[],[],[],[],[],[],[],[],[],[],[],[],[],[],[],[],[],[],[],[],[],[],[],[]]}