{"gold_per_floor":[15,28,45,59,109,109,141,153,153,153],"floor_reached":10,"playtime":1161,"items_purged":[],"score":140,"play_id":"01dd86f4-4f4a-49b8-904e-c84729adc2eb","local_time":"20220111144448","is_ascension_mode":true,"campfire_choices":[{"data":"Sunder","floor":6,"key":"SMITH"}],"neow_cost":"NO_GOLD","seed_source_timestamp":270668156122700,"circlet_count":0,"master_deck":["AscendersBane","Strike_B","Strike_B","Defend_B","Defend_B","Defend_B","Defend_B","Zap","Dualcast","Sunder+1","Rebound","Coolheaded","Beam Cell","Recycle"],"relics":["Cracked Core","Blood Vial","Ornamental Fan"],"potions_floor_usage":[7,10],"damage_taken":[{"damage":4,"enemies":"2 Louse","floor":1,"turns":4},{"damage":0,"enemies":"Cultist","floor":2,"turns":3},{"damage":7,"enemies":"Jaw Worm","floor":3,"turns":4},{"damage":6,"enemies":"Blue Slaver","floor":4,"turns":4},{"damage":11,"enemies":"Lagavulin","floor":7,"turns":7},{"damage":2,"enemies":"Gremlin Gang","floor":8,"turns":5},{"damage":43,"enemies":"Gremlin Nob","floor":10,"turns":3}],"seed_played":"-7478992034456211236","potions_obtained":[{"floor":3,"key":"DistilledChaos"},{"floor":4,"key":"Swift Potion"}],"is_trial":false,"path_per_floor":["M","M","M","M","?","R","E","M","T","E"],"character_chosen":"DEFECT","items_purchased":[],"campfire_rested":0,"item_purchase_floors":[],"current_hp_per_floor":[60,60,53,47,47,47,36,36,36,0],"gold":153,"neow_bonus":"REMOVE_TWO","is_prod":false,"is_daily":false,"chose_seed":false,"campfire_upgraded":1,"win_rate":0,"timestamp":1641930288,"path_taken":["M","M","M","M","?","R","E","?","T","E"],"build_version":"2020-12-22","purchased_purges":0,"victory":false,"max_hp_per_floor":[71,71,71,71,71,71,71,71,71,71],"relic_stats":{"Blood Vial":4,"counters":[7,30],"Ornamental Fan":[0],"obtain_stats":[{"Blood Vial":7,"Ornamental Fan":9,"Cracked Core":0},{"Blood Vial":5,"Ornamental Fan":6,"Cracked Core":0},{"Blood Vial":22,"Ornamental Fan":27,"Cracked Core":0}]},"card_choices":[{"not_picked":["Cold Snap","Skim"],"picked":"Sunder","floor":1},{"not_picked":["Sweeping Beam","Turbo"],"picked":"Rebound","floor":2},{"not_picked":["Compile Driver","Stack"],"picked":"Coolheaded","floor":3},{"not_picked":["Recycle","Steam"],"picked":"Beam Cell","floor":4},{"not_picked":["Creative AI","Turbo"],"picked":"Recycle","floor":7},{"not_picked":["Rebound","Streamline","Chaos"],"picked":"SKIP","floor":8},{"not_picked":["Rebound","Streamline","Chaos"],"picked":"SKIP","floor":8},{"not_picked":["Rebound","Streamline","Chaos"],"picked":"SKIP","floor":8},{"not_picked":["Rebound","Streamline","Chaos"],"picked":"SKIP","floor":8}],"player_experience":5898178,"relics_obtained":[{"floor":7,"key":"Blood Vial"},{"floor":9,"key":"Ornamental Fan"}],"event_choices":[{"damage_healed":0,"gold_gain":50,"player_choice":"Pray","damage_taken":0,"max_hp_gain":0,"max_hp_loss":0,"event_name":"Golden Shrine","floor":5,"gold_loss":0}],"is_beta":false,"boss_relics":[],"items_purged_floors":[],"is_endless":false,"potions_floor_spawned":[3,4],"killed_by":"Gremlin Nob","ascension_level":20}