{"gold_per_floor":[119,130,130,150,170,197,32,32,58,58,83,8,33,45,45,123,123,138,148,162,87,97,126,126,153,153,153,153,153,170,186,186,262,262,272,292,292,149,162,191,151,151,177,190,200,200,220,232,232,232,232,232,232,70,101,101],"floor_reached":56,"playtime":6055,"items_purged":["Strike_B","Strike_B"],"score":2007,"play_id":"4e03cb34-521c-4c84-81d9-ab5d6bc5ae32","local_time":"20220114182858","is_ascension_mode":true,"campfire_choices":[{"data":"Beam Cell","floor":8,"key":"SMITH"},{"data":"Hologram","floor":15,"key":"SMITH"},{"data":"Electrodynamics","floor":24,"key":"SMITH"},{"data":"Biased Cognition","floor":27,"key":"SMITH"},{"data":"Hologram","floor":32,"key":"SMITH"},{"data":"Capacitor","floor":42,"key":"SMITH"},{"floor":46,"key":"RECALL"},{"floor":49,"key":"REST"},{"floor":53,"key":"REST"}],"neow_cost":"NONE","seed_source_timestamp":538407810044600,"circlet_count":0,"master_deck":["AscendersBane","Strike_B+1","Defend_B","Defend_B","Defend_B+1","Zap","Dualcast","Beam Cell+1","FTL","Hologram+1","Cold Snap","Electrodynamics+1","Barrage","Leap","Genetic Algorithm","Rainbow","Genetic Algorithm","Doom and Gloom+1","Biased Cognition+1","Hologram+1","Doom and Gloom","Biased Cognition","Discovery","Capacitor+1","Hologram","Skim+1","Chaos+1","Creative AI","Rainbow","Coolheaded","Hologram+1"],"relics":["Cracked Core","Toy Ornithopter","Anchor","PreservedInsect","Akabeko","Tiny Chest","StrikeDummy","Snecko Eye","Pear","Potion Belt","Mummified Hand","Bronze Scales","SlaversCollar","Dream Catcher","Ornamental Fan"],"potions_floor_usage":[6,13,16,19,25,25,33,39,40,40,47,48,51,51,51,55,56,56],"damage_taken":[{"damage":12,"enemies":"2 Louse","floor":1,"turns":4},{"damage":4,"enemies":"Jaw Worm","floor":2,"turns":4},{"damage":1,"enemies":"Cultist","floor":4,"turns":3},{"damage":3,"enemies":"Large Slime","floor":5,"turns":5},{"damage":14,"enemies":"Lagavulin","floor":6,"turns":6},{"damage":3,"enemies":"Gremlin Nob","floor":11,"turns":3},{"damage":0,"enemies":"3 Sentries","floor":13,"turns":4},{"damage":0,"enemies":"Exordium Thugs","floor":14,"turns":3},{"damage":17,"enemies":"The Guardian","floor":16,"turns":8},{"damage":15,"enemies":"Shell Parasite","floor":18,"turns":5},{"damage":0,"enemies":"Spheric Guardian","floor":19,"turns":3},{"damage":2,"enemies":"Snake Plant","floor":20,"turns":2},{"damage":0,"enemies":"Centurion and Healer","floor":22,"turns":6},{"damage":0,"enemies":"Gremlin Leader","floor":23,"turns":3},{"damage":13,"enemies":"Book of Stabbing","floor":25,"turns":4},{"damage":0,"enemies":"Snecko","floor":30,"turns":4},{"damage":0,"enemies":"Snake Plant","floor":31,"turns":3},{"damage":27,"enemies":"Champ","floor":33,"turns":9},{"damage":0,"enemies":"3 Shapes","floor":35,"turns":2},{"damage":4,"enemies":"Orb Walker","floor":36,"turns":4},{"damage":0,"enemies":"Sphere and 2 Shapes","floor":39,"turns":4},{"damage":31,"enemies":"Giant Head","floor":40,"turns":6},{"damage":0,"enemies":"Spire Growth","floor":44,"turns":5},{"damage":0,"enemies":"Maw","floor":45,"turns":4},{"damage":22,"enemies":"Writhing Mass","floor":47,"turns":5},{"damage":0,"enemies":"Sphere and 2 Shapes","floor":48,"turns":3},{"damage":4,"enemies":"Donu and Deca","floor":50,"turns":6},{"damage":76,"enemies":"Awakened One","floor":51,"turns":15},{"damage":28,"enemies":"Shield and Spear","floor":55,"turns":5},{"damage":66,"enemies":"The Heart","floor":56,"turns":9}],"seed_played":"-6161640343760527448","potions_obtained":[{"floor":1,"key":"EntropicBrew"},{"floor":4,"key":"FearPotion"},{"floor":5,"key":"FocusPotion"},{"floor":6,"key":"Dexterity Potion"},{"floor":14,"key":"ColorlessPotion"},{"floor":18,"key":"SkillPotion"},{"floor":25,"key":"Strength Potion"},{"floor":31,"key":"Strength Potion"},{"floor":33,"key":"DistilledChaos"},{"floor":36,"key":"Weak Potion"},{"floor":39,"key":"Dexterity Potion"},{"floor":40,"key":"GamblersBrew"},{"floor":41,"key":"FairyPotion"},{"floor":41,"key":"DistilledChaos"},{"floor":47,"key":"LiquidMemories"},{"floor":48,"key":"Weak Potion"}],"is_trial":false,"path_per_floor":["M","M","?","M","M","E","$","R","T","?","E","$","E","M","R","B",null,"M","M","M","?","M","E","R","E","T","R","?","T","M","M","R","B",null,"M","M","?","$","M","E","?","R","T","M","M","R","M","M","R","B","B",null,"R","$","E","B"],"character_chosen":"DEFECT","items_purchased":["PreservedInsect","Capacitor","PowerPotion","SkillPotion","Dexterity Potion"],"campfire_rested":2,"item_purchase_floors":[7,38,54,54,54],"current_hp_per_floor":[52,48,71,70,67,57,57,57,57,36,33,33,38,38,38,26,60,45,50,48,48,48,58,58,55,55,55,55,55,55,55,55,33,69,69,65,55,55,60,39,39,39,39,39,39,39,22,27,51,47,29,68,81,81,53,0],"gold":101,"neow_bonus":"RANDOM_COMMON_RELIC","is_prod":false,"is_daily":false,"chose_seed":false,"campfire_upgraded":6,"win_rate":0,"timestamp":1642202938,"path_taken":["M","M","?","M","M","E","$","R","T","?","E","?","E","M","R","BOSS","M","M","M","?","M","E","R","E","T","R","?","?","M","?","R","BOSS","M","M","?","$","M","E","?","R","T","M","M","R","M","M","R","BOSS","BOSS","R","$","E","BOSS"],"build_version":"2020-12-22","purchased_purges":2,"victory":false,"max_hp_per_floor":[71,71,71,71,71,71,71,71,71,71,71,71,71,71,71,71,71,71,71,71,71,71,81,81,81,81,81,81,81,81,81,81,81,81,81,81,81,81,81,81,81,81,81,81,81,81,81,81,81,81,81,81,81,81,81,81],"relic_stats":{"Dream Catcher":2,"counters":[30,147],"Mummified Hand":[141],"Ornamental Fan":[8],"Bronze Scales":[335],"Snecko Eye":[200,188,201,227,-392],"Tiny Chest":1,"PreservedInsect":353,"obtain_stats":[{"Potion Belt":25,"Pear":23,"PreservedInsect":7,"Akabeko":9,"SlaversCollar":34,"Anchor":6,"Dream Catcher":40,"Mummified Hand":26,"Ornamental Fan":55,"Bronze Scales":29,"Snecko Eye":17,"Tiny Chest":11,"Cracked Core":0,"StrikeDummy":13,"Toy Ornithopter":0},{"Potion Belt":15,"Pear":14,"PreservedInsect":5,"Akabeko":5,"SlaversCollar":18,"Anchor":5,"Dream Catcher":22,"Mummified Hand":15,"Ornamental Fan":29,"Bronze Scales":15,"Snecko Eye":9,"Tiny Chest":6,"Cracked Core":0,"StrikeDummy":7,"Toy Ornithopter":0},{"Potion Belt":63,"Pear":59,"PreservedInsect":22,"Akabeko":22,"SlaversCollar":79,"Anchor":22,"Dream Catcher":95,"Mummified Hand":63,"Ornamental Fan":138,"Bronze Scales":63,"Snecko Eye":40,"Tiny Chest":25,"Cracked Core":0,"StrikeDummy":29,"Toy Ornithopter":0}],"Toy Ornithopter":84},"card_choices":[{"not_picked":["Static Discharge","Barrage"],"picked":"Beam Cell","floor":1},{"not_picked":["Leap","Defragment"],"picked":"FTL","floor":2},{"not_picked":["Beam Cell","FTL"],"picked":"Hologram","floor":4},{"not_picked":["Steam Power","Beam Cell"],"picked":"Cold Snap","floor":5},{"not_picked":["Skim","Cold Snap"],"picked":"Electrodynamics","floor":6},{"not_picked":["Stack","Force Field"],"picked":"Barrage","floor":11},{"not_picked":["Lockon","Compile Driver"],"picked":"Leap","floor":13},{"not_picked":["Rebound","BootSequence"],"picked":"Genetic Algorithm","floor":14},{"not_picked":["Multi-Cast","Amplify"],"picked":"Rainbow","floor":16},{"not_picked":["Go for the Eyes","Leap"],"picked":"Genetic Algorithm","floor":18},{"not_picked":["Conserve Battery","Glacier"],"picked":"Doom and Gloom+1","floor":19},{"not_picked":["Go for the Eyes","Leap","Gash"],"picked":"SKIP","floor":20},{"not_picked":["Go for the Eyes","Leap","Gash"],"picked":"SKIP","floor":20},{"not_picked":["Gash+1","Consume"],"picked":"Biased Cognition","floor":22},{"not_picked":["Rebound+1","Storm","Fission"],"picked":"SKIP","floor":23},{"not_picked":["Rebound","FTL","Storm"],"picked":"SKIP","floor":25},{"not_picked":["Beam Cell","Sweeping Beam"],"picked":"Hologram","floor":30},{"not_picked":["Compile Driver","Turbo"],"picked":"Doom and Gloom","floor":31},{"not_picked":["Hyperbeam","Reboot"],"picked":"Biased Cognition","floor":33},{"not_picked":["Gash+1","Sweeping Beam","Ball Lightning"],"picked":"SKIP","floor":35},{"not_picked":["Conserve Battery","Steam","Go for the Eyes"],"picked":"SKIP","floor":36},{"not_picked":["Swift Strike","Enlightenment"],"picked":"Discovery","floor":37},{"not_picked":["Darkness","Sweeping Beam","Blizzard+1"],"picked":"SKIP","floor":39},{"not_picked":["Cold Snap","Leap"],"picked":"Hologram","floor":40},{"not_picked":["Reprogram","Tempest"],"picked":"Skim+1","floor":44},{"not_picked":["Streamline+1","Beam Cell"],"picked":"Chaos+1","floor":45},{"not_picked":["Cold Snap+1","Hologram+1"],"picked":"Creative AI","floor":47},{"not_picked":["Sweeping Beam","Streamline"],"picked":"Rainbow","floor":48},{"not_picked":["Turbo","Go for the Eyes"],"picked":"Coolheaded","floor":49},{"not_picked":["Consume","Darkness"],"picked":"Hologram+1","floor":53},{"not_picked":["Scrape","Doom and Gloom","Compile Driver"],"picked":"SKIP","floor":55}],"player_experience":5953989,"relics_obtained":[{"floor":6,"key":"Anchor"},{"floor":9,"key":"Akabeko"},{"floor":11,"key":"Tiny Chest"},{"floor":13,"key":"StrikeDummy"},{"floor":23,"key":"Pear"},{"floor":25,"key":"Potion Belt"},{"floor":26,"key":"Mummified Hand"},{"floor":29,"key":"Bronze Scales"},{"floor":40,"key":"Dream Catcher"},{"floor":55,"key":"Ornamental Fan"}],"event_choices":[{"damage_healed":23,"gold_gain":0,"player_choice":"Banana","damage_taken":0,"max_hp_gain":0,"max_hp_loss":0,"event_name":"Big Fish","floor":3,"gold_loss":0},{"damage_healed":0,"gold_gain":0,"player_choice":"Entered Light","damage_taken":21,"max_hp_gain":0,"max_hp_loss":0,"event_name":"Shining Light","floor":10,"gold_loss":0,"cards_upgraded":["Strike_B","Defend_B"]},{"cards_removed":["Defend_B"],"damage_healed":0,"gold_gain":0,"player_choice":"Gave Gold","damage_taken":0,"max_hp_gain":0,"max_hp_loss":0,"event_name":"Beggar","floor":21,"gold_loss":75},{"cards_removed":["Strike_B"],"damage_healed":0,"gold_gain":0,"player_choice":"Purged","damage_taken":0,"max_hp_gain":0,"max_hp_loss":0,"event_name":"Purifier","floor":28,"gold_loss":0},{"damage_healed":0,"gold_gain":0,"player_choice":"Memory 3","damage_taken":10,"max_hp_gain":0,"max_hp_loss":0,"event_name":"SensoryStone","floor":37,"gold_loss":0},{"damage_healed":0,"gold_gain":0,"player_choice":"Bought 3 Potions","damage_taken":0,"max_hp_gain":0,"max_hp_loss":0,"event_name":"The Woman in Blue","floor":41,"gold_loss":0}],"is_beta":false,"boss_relics":[{"not_picked":["Coffee Dripper","Philosopher\u0027s Stone"],"picked":"Snecko Eye"},{"not_picked":["Empty Cage","Cursed Key"],"picked":"SlaversCollar"}],"items_purged_floors":[12,38],"is_endless":false,"potions_floor_spawned":[1,4,5,6,14,18,25,31,33,36,39,40,47,48],"killed_by":"The Heart","ascension_level":20}