{"gold_per_floor":[211,223,243,258,274,274,304,304,378,21,49,124,124,24,24,101,101,118,118,133,145,102,102,102,3,27,27,27,47,81,93,93,166,166,177,191,66,79,79,114,114,143,143,160,160,185,201,235,235,235,235,235,235,12,47,47],"floor_reached":56,"playtime":5917,"items_purged":["Strike_B","Strike_B","Strike_B"],"score":2430,"play_id":"4fdb36df-ce9d-41c7-9251-b86c67cea56e","local_time":"20220203152751","is_ascension_mode":true,"campfire_choices":[{"data":"Chaos","floor":6,"key":"SMITH"},{"data":"Defragment","floor":8,"key":"SMITH"},{"data":"Dualcast","floor":13,"key":"SMITH"},{"data":"Zap","floor":15,"key":"SMITH"},{"data":"Double Energy","floor":23,"key":"SMITH"},{"data":"Blind","floor":27,"key":"SMITH"},{"data":"Lockon","floor":32,"key":"SMITH"},{"data":"Seek","floor":41,"key":"SMITH"},{"floor":45,"key":"RECALL"},{"data":"Coolheaded","floor":49,"key":"SMITH"},{"data":"Reinforced Body","floor":53,"key":"SMITH"}],"neow_cost":"NONE","seed_source_timestamp":1341285380042000,"circlet_count":0,"master_deck":["AscendersBane","Strike_B","Defend_B","Defend_B","Defend_B","Defend_B","Zap+1","Dualcast+1","Rip and Tear","Lockon+1","Chaos+1","BootSequence","Defragment+1","Reinforced Body+1","Cold Snap","Tempest","Biased Cognition+1","Double Energy+1","Electrodynamics+1","Coolheaded+1","Cold Snap+1","Loop+1","Blind+1","Compile Driver","Cold Snap+1","Echo Form+1","Seek+1","Leap+1","Ball Lightning+1","Compile Driver","Go for the Eyes+1","Hologram+1","Tempest","Echo Form+1"],"relics":["Cracked Core","Ice Cream","Frozen Egg 2","OrangePellets","Thread and Needle","Runic Pyramid","Bronze Scales","MealTicket","SlaversCollar","Vajra","Bottled Flame","StoneCalendar","Pen Nib","Runic Capacitor","Blood Vial"],"potions_floor_usage":[4,7,11,16,18,35,42,42,50,56,56],"damage_taken":[{"damage":1,"enemies":"Cultist","floor":1,"turns":4},{"damage":0,"enemies":"Small Slimes","floor":2,"turns":2},{"damage":4,"enemies":"2 Louse","floor":3,"turns":3},{"damage":8,"enemies":"Red Slaver","floor":4,"turns":4},{"damage":0,"enemies":"Blue Slaver","floor":5,"turns":2},{"damage":15,"enemies":"Lagavulin","floor":7,"turns":7},{"damage":8,"enemies":"Gremlin Nob","floor":11,"turns":3},{"damage":0,"enemies":"The Guardian","floor":16,"turns":7},{"damage":0,"enemies":"3 Byrds","floor":18,"turns":2},{"damage":0,"enemies":"Spheric Guardian","floor":20,"turns":4},{"damage":0,"enemies":"Chosen and Byrds","floor":21,"turns":4},{"damage":8,"enemies":"Shelled Parasite and Fungi","floor":29,"turns":3},{"damage":0,"enemies":"Book of Stabbing","floor":30,"turns":3},{"damage":0,"enemies":"Snake Plant","floor":31,"turns":3},{"damage":0,"enemies":"Champ","floor":33,"turns":8},{"damage":10,"enemies":"3 Shapes","floor":35,"turns":9},{"damage":15,"enemies":"3 Darklings","floor":36,"turns":3},{"damage":0,"enemies":"Transient","floor":38,"turns":6},{"damage":0,"enemies":"Nemesis","floor":40,"turns":5},{"damage":1,"enemies":"Reptomancer","floor":42,"turns":5},{"damage":0,"enemies":"Spire Growth","floor":44,"turns":4},{"damage":0,"enemies":"Mind Bloom Boss Battle","floor":46,"turns":3},{"damage":0,"enemies":"4 Shapes","floor":47,"turns":7},{"damage":0,"enemies":"Nemesis","floor":48,"turns":3},{"damage":29,"enemies":"Donu and Deca","floor":50,"turns":4},{"damage":0,"enemies":"Time Eater","floor":51,"turns":7},{"damage":42,"enemies":"Shield and Spear","floor":55,"turns":6},{"damage":27,"enemies":"The Heart","floor":56,"turns":5}],"seed_played":"-8669456894703255141","potions_obtained":[{"floor":1,"key":"LiquidBronze"},{"floor":3,"key":"SneckoOil"},{"floor":4,"key":"DistilledChaos"},{"floor":11,"key":"Fire Potion"},{"floor":30,"key":"FocusPotion"},{"floor":31,"key":"Regen Potion"},{"floor":36,"key":"DuplicationPotion"},{"floor":42,"key":"Energy Potion"},{"floor":44,"key":"SpeedPotion"}],"is_trial":false,"path_per_floor":["M","M","M","M","M","R","E","R","T","$","E","?","R","$","R","B",null,"M","?","M","M","$","R","?","$","T","R","$","M","E","M","R","B",null,"M","M","$","M","?","E","R","E","T","M","R","?","M","E","R","B","B",null,"R","$","E","B"],"character_chosen":"DEFECT","items_purchased":["OrangePellets","Cold Snap","BlessingOfTheForge","Loop+1","Blind","Runic Capacitor","Fire Potion"],"campfire_rested":0,"item_purchase_floors":[10,10,10,22,25,54,54],"current_hp_per_floor":[63,63,59,51,51,51,36,36,36,36,28,17,17,17,17,17,58,58,58,58,58,58,58,58,58,58,58,58,50,50,50,50,50,66,71,56,71,71,67,67,67,66,66,66,66,66,66,66,66,37,37,60,60,67,25,0],"gold":47,"neow_bonus":"HUNDRED_GOLD","is_prod":false,"is_daily":false,"chose_seed":false,"campfire_upgraded":10,"win_rate":0,"timestamp":1643920071,"path_taken":["M","M","M","M","?","R","E","R","T","$","E","?","R","$","R","BOSS","M","?","?","M","?","R","?","$","T","R","?","M","E","M","R","BOSS","M","M","$","M","?","E","R","E","T","M","R","?","M","E","R","BOSS","BOSS","R","$","E","BOSS"],"build_version":"2020-12-22","purchased_purges":3,"victory":false,"max_hp_per_floor":[71,71,71,71,71,71,71,71,71,71,71,71,71,71,71,71,71,71,71,71,71,71,71,71,71,71,71,71,71,71,71,71,71,71,71,71,71,71,67,67,67,67,67,67,67,67,67,67,67,67,67,67,67,67,67,67],"relic_stats":{"Ice Cream":[278],"Blood Vial":2,"OrangePellets":[22],"Bottled Flame":"Cold Snap","counters":[28,126],"Bronze Scales":[257],"MealTicket":22,"StoneCalendar":[65],"Pen Nib":[2],"obtain_stats":[{"Ice Cream":7,"Vajra":40,"Thread and Needle":11,"StoneCalendar":46,"Pen Nib":48,"Runic Capacitor":54,"Frozen Egg 2":9,"Blood Vial":55,"OrangePellets":10,"SlaversCollar":34,"Bottled Flame":42,"Bronze Scales":26,"MealTicket":30,"Cracked Core":0,"Runic Pyramid":17},{"Ice Cream":6,"Vajra":19,"Thread and Needle":7,"StoneCalendar":22,"Pen Nib":24,"Runic Capacitor":26,"Frozen Egg 2":6,"Blood Vial":27,"OrangePellets":6,"SlaversCollar":15,"Bottled Flame":20,"Bronze Scales":11,"MealTicket":13,"Cracked Core":0,"Runic Pyramid":8},{"Ice Cream":22,"Vajra":82,"Thread and Needle":25,"StoneCalendar":94,"Pen Nib":104,"Runic Capacitor":115,"Frozen Egg 2":22,"Blood Vial":121,"OrangePellets":22,"SlaversCollar":59,"Bottled Flame":87,"Bronze Scales":42,"MealTicket":48,"Cracked Core":0,"Runic Pyramid":32}]},"card_choices":[{"not_picked":["Beam Cell","Static Discharge"],"picked":"Rip and Tear","floor":1},{"not_picked":["Gash","Recycle"],"picked":"Lockon","floor":2},{"not_picked":["Redo","Go for the Eyes"],"picked":"Chaos","floor":3},{"not_picked":["Gash","Streamline"],"picked":"BootSequence","floor":4},{"not_picked":["Steam","Meteor Strike"],"picked":"Defragment","floor":5},{"not_picked":["Melter","Turbo"],"picked":"Reinforced Body","floor":7},{"not_picked":["Streamline","Leap"],"picked":"Tempest","floor":11},{"not_picked":["Fission","Machine Learning+1"],"picked":"Biased Cognition+1","floor":16},{"not_picked":["Hello World+1","Barrage","Gash"],"picked":"SKIP","floor":18},{"not_picked":["Barrage","Steam+1"],"picked":"Coolheaded","floor":20},{"not_picked":["Ball Lightning","Compile Driver"],"picked":"Cold Snap+1","floor":21},{"not_picked":["Cold Snap","Barrage"],"picked":"Compile Driver","floor":29},{"not_picked":["Go for the Eyes","Steam"],"picked":"Cold Snap+1","floor":30},{"not_picked":["Steam","Conserve Battery"],"picked":"Echo Form+1","floor":31},{"not_picked":["Multi-Cast","Core Surge"],"picked":"Seek","floor":33},{"not_picked":["Static Discharge+1","Beam Cell","Gash"],"picked":"SKIP","floor":35},{"not_picked":["Undo","Hologram"],"picked":"Leap+1","floor":36},{"not_picked":["Darkness+1","Consume","BootSequence"],"picked":"SKIP","floor":38},{"not_picked":["Blizzard","Core Surge"],"picked":"Ball Lightning+1","floor":40},{"not_picked":["Sweeping Beam+1","Gash+1"],"picked":"Compile Driver","floor":42},{"not_picked":["Coolheaded","Glacier"],"picked":"Go for the Eyes+1","floor":44},{"not_picked":["Cold Snap+1","Undo"],"picked":"Hologram+1","floor":46},{"not_picked":["Gash+1","Ball Lightning+1"],"picked":"Tempest","floor":47},{"not_picked":["Ball Lightning","Hello World+1","Beam Cell"],"picked":"SKIP","floor":48},{"not_picked":["Beam Cell","Compile Driver"],"picked":"Echo Form+1","floor":55}],"player_experience":6117516,"relics_obtained":[{"floor":7,"key":"Ice Cream"},{"floor":9,"key":"Frozen Egg 2"},{"floor":11,"key":"Thread and Needle"},{"floor":26,"key":"Bronze Scales"},{"floor":30,"key":"MealTicket"},{"floor":40,"key":"Vajra"},{"floor":42,"key":"Bottled Flame"},{"floor":46,"key":"StoneCalendar"},{"floor":48,"key":"Pen Nib"},{"floor":55,"key":"Blood Vial"}],"event_choices":[{"damage_healed":0,"gold_gain":75,"player_choice":"Gather Gold","damage_taken":11,"max_hp_gain":0,"max_hp_loss":0,"event_name":"World of Goop","floor":12,"gold_loss":0},{"damage_healed":0,"gold_gain":0,"player_choice":"2 cards matched","damage_taken":0,"max_hp_gain":0,"max_hp_loss":0,"event_name":"Match and Keep!","floor":19,"gold_loss":0,"cards_obtained":["Double Energy","Electrodynamics"]},{"damage_healed":0,"gold_gain":0,"player_choice":"Ignored","damage_taken":0,"max_hp_gain":0,"max_hp_loss":0,"event_name":"Cursed Tome","floor":24,"gold_loss":0},{"damage_healed":0,"gold_gain":0,"player_choice":"Max HP","damage_taken":0,"max_hp_gain":0,"max_hp_loss":4,"event_name":"Winding Halls","floor":39,"gold_loss":0},{"damage_healed":0,"gold_gain":0,"player_choice":"Fight","damage_taken":0,"max_hp_gain":0,"max_hp_loss":0,"event_name":"MindBloom","floor":46,"gold_loss":0}],"is_beta":false,"boss_relics":[{"not_picked":["Inserter","Ectoplasm"],"picked":"Runic Pyramid"},{"not_picked":["Astrolabe","Black Star"],"picked":"SlaversCollar"}],"items_purged_floors":[10,14,37],"is_endless":false,"potions_floor_spawned":[1,3,4,11,30,31,36,40,42,44,46],"killed_by":"The Heart","ascension_level":20}