{"gold_per_floor":[112,122,139,24,24,24,41,41,41,67,80,108,108,29,29,103,103,117,150,240,258,268,268,281,281,307,50,82,96,125,145,145,221,221,239,68,68,85,96,124,137,137,163,181,201,229,229,259,259,259,259,259,259,49,82,82],"floor_reached":57,"playtime":7277,"items_purged":["Defend_B","Defend_B","Strike_B"],"score":3192,"play_id":"f3d0c3ef-668f-40cf-a1a6-fa0a30316e30","local_time":"20220211184927","is_ascension_mode":true,"campfire_choices":[{"data":"Lockon","floor":6,"key":"SMITH"},{"data":"Doom and Gloom","floor":8,"key":"SMITH"},{"data":"Recycle","floor":13,"key":"SMITH"},{"data":"Dualcast","floor":15,"key":"SMITH"},{"data":"Skim","floor":23,"key":"SMITH"},{"data":"Undo","floor":25,"key":"SMITH"},{"data":"Seek","floor":32,"key":"SMITH"},{"data":"Capacitor","floor":42,"key":"SMITH"},{"floor":47,"key":"RECALL"},{"data":"Rainbow","floor":49,"key":"SMITH"},{"data":"Hologram","floor":53,"key":"SMITH"}],"neow_cost":"NONE","seed_source_timestamp":25407941694600,"circlet_count":0,"master_deck":["AscendersBane","Defend_B","Defend_B","Zap","Dualcast+1","Rip and Tear","Lockon+1","Conserve Battery","FTL","Doom and Gloom+1","Undo+1","Recycle+1","Echo Form","Rainbow+1","Skim+1","Chill","Genetic Algorithm+1","Meteor Strike","Seek+1","Capacitor+1","Leap+1","Machine Learning","Steam Power+1","Meteor Strike","Echo Form","Hologram+1","Defragment+1","Cold Snap+1","Hologram","Force Field+1","Compile Driver+1","Defragment","Coolheaded","Coolheaded"],"relics":["Empty Cage","White Beast Statue","Pear","Happy Flower","Coffee Dripper","DataDisk","Bottled Flame","Regal Pillow","Snecko Eye","Toy Ornithopter","The Courier","Strawberry","Pen Nib","Akabeko"],"potions_floor_usage":[10,10,12,16,18,19,21,22,24,28,29,31,35,38,40,41,45,46,48,55,56,56],"damage_taken":[{"damage":2,"enemies":"Jaw Worm","floor":1,"turns":4},{"damage":0,"enemies":"Cultist","floor":2,"turns":4},{"damage":1,"enemies":"2 Louse","floor":3,"turns":3},{"damage":2,"enemies":"Red Slaver","floor":7,"turns":3},{"damage":0,"enemies":"3 Sentries","floor":10,"turns":4},{"damage":1,"enemies":"Exordium Thugs","floor":11,"turns":3},{"damage":25,"enemies":"Gremlin Nob","floor":12,"turns":4},{"damage":0,"enemies":"Slime Boss","floor":16,"turns":6},{"damage":0,"enemies":"3 Byrds","floor":18,"turns":4},{"damage":8,"enemies":"2 Thieves","floor":19,"turns":3},{"damage":12,"enemies":"Sentry and Sphere","floor":21,"turns":5},{"damage":7,"enemies":"Snake Plant","floor":22,"turns":4},{"damage":0,"enemies":"3 Cultists","floor":24,"turns":6},{"damage":19,"enemies":"Slavers","floor":28,"turns":4},{"damage":0,"enemies":"Snecko","floor":29,"turns":6},{"damage":9,"enemies":"Book of Stabbing","floor":30,"turns":4},{"damage":7,"enemies":"Centurion and Healer","floor":31,"turns":5},{"damage":0,"enemies":"Automaton","floor":33,"turns":9},{"damage":0,"enemies":"3 Shapes","floor":35,"turns":6},{"damage":8,"enemies":"3 Darklings","floor":38,"turns":5},{"damage":0,"enemies":"Transient","floor":39,"turns":6},{"damage":2,"enemies":"Nemesis","floor":40,"turns":5},{"damage":0,"enemies":"Maw","floor":41,"turns":6},{"damage":0,"enemies":"4 Shapes","floor":44,"turns":6},{"damage":15,"enemies":"Sphere and 2 Shapes","floor":45,"turns":4},{"damage":0,"enemies":"Giant Head","floor":46,"turns":6},{"damage":12,"enemies":"Reptomancer","floor":48,"turns":4},{"damage":0,"enemies":"Awakened One","floor":50,"turns":7},{"damage":19,"enemies":"Time Eater","floor":51,"turns":10},{"damage":33,"enemies":"Shield and Spear","floor":55,"turns":5},{"damage":45,"enemies":"The Heart","floor":56,"turns":9}],"seed_played":"-5351127663388408178","potions_obtained":[{"floor":1,"key":"BlessingOfTheForge"},{"floor":2,"key":"FocusPotion"},{"floor":7,"key":"Regen Potion"},{"floor":10,"key":"Block Potion"},{"floor":11,"key":"AttackPotion"},{"floor":12,"key":"Energy Potion"},{"floor":16,"key":"ColorlessPotion"},{"floor":18,"key":"LiquidBronze"},{"floor":19,"key":"Swift Potion"},{"floor":21,"key":"Block Potion"},{"floor":22,"key":"BlessingOfTheForge"},{"floor":24,"key":"FairyPotion"},{"floor":28,"key":"SkillPotion"},{"floor":29,"key":"SteroidPotion"},{"floor":30,"key":"Energy Potion"},{"floor":31,"key":"Energy Potion"},{"floor":33,"key":"Regen Potion"},{"floor":35,"key":"BlessingOfTheForge"},{"floor":38,"key":"GamblersBrew"},{"floor":39,"key":"FocusPotion"},{"floor":40,"key":"Regen Potion"},{"floor":41,"key":"Ancient Potion"},{"floor":45,"key":"Swift Potion"},{"floor":46,"key":"LiquidMemories"},{"floor":48,"key":"SteroidPotion"},{"floor":55,"key":"EssenceOfSteel"}],"is_trial":false,"path_per_floor":["M","M","M","$","?","R","M","R","T","E","M","E","R","$","R","B",null,"M","M","?","M","M","R","M","R","T","$","E","M","E","M","R","B",null,"M","$","?","M","M","E","M","R","T","M","M","E","R","E","R","B","B",null,"R","$","E","B",null],"character_chosen":"DEFECT","items_purchased":["FTL","Echo Form","Seek","Toy Ornithopter","Defragment","Coolheaded"],"campfire_rested":0,"item_purchase_floors":[4,14,27,36,54,54],"current_hp_per_floor":[62,62,61,61,61,61,59,59,59,81,80,55,55,55,55,55,75,75,67,55,43,36,36,36,36,36,36,17,17,8,1,1,1,61,76,76,76,73,73,76,81,81,81,81,71,83,83,76,76,76,57,80,80,80,52,17],"gold":82,"neow_bonus":"BOSS_RELIC","is_prod":false,"is_daily":false,"chose_seed":false,"campfire_upgraded":10,"win_rate":0,"timestamp":1644623367,"path_taken":["M","M","M","$","?","R","?","R","T","E","M","E","R","$","R","BOSS","M","M","?","M","?","R","M","R","T","$","E","M","E","M","R","BOSS","M","$","?","?","?","E","M","R","T","M","M","E","R","E","R","BOSS","BOSS","R","$","E","BOSS"],"build_version":"2020-12-22","purchased_purges":3,"victory":true,"max_hp_per_floor":[71,71,71,71,71,71,71,71,71,81,81,81,81,81,81,81,81,81,81,81,81,81,81,81,81,81,81,81,81,81,81,81,81,81,81,81,81,81,81,81,81,81,81,81,81,88,88,88,88,88,88,88,88,88,88,88],"relic_stats":{"Bottled Flame":"Meteor Strike","Regal Pillow":0,"Happy Flower":[45],"counters":[31,160],"Snecko Eye":[157,184,157,192,-91],"The Courier":52,"Pen Nib":[9],"obtain_stats":[{"Regal Pillow":30,"Pear":10,"Happy Flower":12,"The Courier":40,"Pen Nib":48,"Empty Cage":0,"White Beast Statue":9,"Akabeko":55,"DataDisk":26,"Bottled Flame":28,"Strawberry":46,"Snecko Eye":34,"Coffee Dripper":17,"Cracked Core":0,"Toy Ornithopter":36},{"Regal Pillow":16,"Pear":5,"Happy Flower":7,"The Courier":22,"Pen Nib":27,"Empty Cage":0,"White Beast Statue":4,"Akabeko":30,"DataDisk":13,"Bottled Flame":14,"Strawberry":26,"Snecko Eye":18,"Coffee Dripper":8,"Cracked Core":0,"Toy Ornithopter":19},{"Regal Pillow":67,"Pear":18,"Happy Flower":25,"The Courier":103,"Pen Nib":129,"Empty Cage":0,"White Beast Statue":14,"Akabeko":151,"DataDisk":53,"Bottled Flame":57,"Strawberry":125,"Snecko Eye":81,"Coffee Dripper":31,"Cracked Core":0,"Toy Ornithopter":87}],"White Beast Statue":[0.0,0.0,0.0,0.4,0.0,0.6000000000000001,0.0,0.0,0.0,0.0,0.0,10.135195955200004],"Toy Ornithopter":45},"card_choices":[{"not_picked":["Reinforced Body","Leap"],"picked":"Rip and Tear","floor":1},{"not_picked":["Leap","Capacitor"],"picked":"Lockon","floor":2},{"not_picked":["Scrape","Compile Driver"],"picked":"Conserve Battery","floor":3},{"not_picked":["Turbo","Recycle"],"picked":"Doom and Gloom","floor":7},{"not_picked":["Storm","Cold Snap"],"picked":"Undo","floor":10},{"not_picked":["Self Repair","BootSequence"],"picked":"Recycle","floor":11},{"not_picked":["Blizzard","BootSequence","Leap"],"picked":"SKIP","floor":12},{"not_picked":["Hyperbeam","Core Surge"],"picked":"Rainbow","floor":16},{"not_picked":["Leap","Conserve Battery"],"picked":"Skim","floor":18},{"not_picked":["Blizzard","Loop"],"picked":"Chill","floor":19},{"not_picked":["Stack","Ball Lightning+1","Redo"],"picked":"SKIP","floor":21},{"not_picked":["Hologram","Static Discharge"],"picked":"Genetic Algorithm+1","floor":22},{"not_picked":["Cold Snap+1","Static Discharge"],"picked":"Meteor Strike","floor":24},{"not_picked":["Machine Learning","Static Discharge"],"picked":"Capacitor","floor":28},{"not_picked":["Gash+1","Rebound"],"picked":"Leap+1","floor":29},{"not_picked":["Cold Snap+1","Defragment"],"picked":"Machine Learning","floor":30},{"not_picked":["Beam Cell","Turbo+1"],"picked":"Steam Power+1","floor":31},{"not_picked":["Creative AI","Hyperbeam"],"picked":"Meteor Strike","floor":33},{"not_picked":["Barrage","Go for the Eyes","Cold Snap+1"],"picked":"SKIP","floor":35},{"not_picked":["Chaos+1","Go for the Eyes"],"picked":"Hologram","floor":38},{"not_picked":["Rip and Tear","Auto Shields+1","Steam+1"],"picked":"SKIP","floor":39},{"not_picked":["Sweeping Beam","Recycle+1"],"picked":"Defragment+1","floor":40},{"not_picked":["Sunder","Auto Shields","Gash"],"picked":"SKIP","floor":41},{"not_picked":["Streamline+1","Stack+1"],"picked":"Cold Snap+1","floor":44},{"not_picked":["Barrage","Rebound"],"picked":"Hologram","floor":45},{"not_picked":["Gash","Cold Snap"],"picked":"Force Field+1","floor":46},{"not_picked":["Seek","Turbo"],"picked":"Compile Driver+1","floor":48},{"not_picked":["Barrage","Undo"],"picked":"Coolheaded","floor":55}],"player_experience":6236054,"relics_obtained":[{"floor":9,"key":"White Beast Statue"},{"floor":10,"key":"Pear"},{"floor":12,"key":"Happy Flower"},{"floor":26,"key":"DataDisk"},{"floor":28,"key":"Bottled Flame"},{"floor":30,"key":"Regal Pillow"},{"floor":40,"key":"The Courier"},{"floor":46,"key":"Strawberry"},{"floor":48,"key":"Pen Nib"},{"floor":55,"key":"Akabeko"}],"event_choices":[{"cards_removed":["Strike_B"],"damage_healed":0,"gold_gain":0,"player_choice":"Offered Basic","damage_taken":0,"max_hp_gain":0,"max_hp_loss":0,"event_name":"Bonfire Elementals","floor":5,"gold_loss":0},{"damage_healed":0,"gold_gain":90,"player_choice":"GOLD ","damage_taken":12,"max_hp_gain":0,"max_hp_loss":0,"event_name":"Knowing Skull","floor":20,"potions_obtained":[],"gold_loss":0,"cards_obtained":[]},{"damage_healed":0,"gold_gain":0,"player_choice":"1 cards matched","damage_taken":0,"max_hp_gain":0,"max_hp_loss":0,"event_name":"Match and Keep!","floor":37,"gold_loss":0,"cards_obtained":["Echo Form"]}],"is_beta":false,"boss_relics":[{"not_picked":["Astrolabe","Tiny House"],"picked":"Coffee Dripper"},{"not_picked":["Nuclear Battery","Runic Pyramid"],"picked":"Snecko Eye"}],"items_purged_floors":[4,27,54],"is_endless":false,"potions_floor_spawned":[1,2,7,10,11,12,16,18,19,21,22,24,28,29,30,31,33,35,38,39,40,41,44,45,46,48,55],"ascension_level":20}