{"gold_per_floor":[11,24,24,24,38,67,86,86,86,100,114,147,147,147,147,221,221,236,252,265,190,190,190,219,219,246,256,276,309,209,259,259,330,330,350,375,375,385,399,430,430,461,488,488,508,508,353,382,382,382,382,382,382,50,84,84],"floor_reached":57,"playtime":6001,"items_purged":["Strike_B","Strike_B","Defend_B","Strike_B"],"score":3080,"play_id":"ed650fed-09e1-4b36-a6b9-7b8588ba2272","local_time":"20220208153730","is_ascension_mode":true,"campfire_choices":[{"data":"Dualcast","floor":8,"key":"SMITH"},{"data":"Ball Lightning","floor":13,"key":"SMITH"},{"floor":15,"key":"REST"},{"data":"Seek","floor":23,"key":"SMITH"},{"data":"Hologram","floor":25,"key":"SMITH"},{"data":"Turbo","floor":32,"key":"SMITH"},{"data":"Recycle","floor":41,"key":"SMITH"},{"floor":46,"key":"RECALL"},{"data":"Hologram","floor":49,"key":"SMITH"},{"data":"Go for the Eyes","floor":53,"key":"SMITH"}],"neow_cost":"NO_GOLD","seed_source_timestamp":1773736424365200,"circlet_count":0,"master_deck":["AscendersBane","Defend_B","Zap+1","Dualcast+1","Gash","Beam Cell+1","Steam","Conserve Battery","Beam Cell","Ball Lightning+1","Turbo+1","Seek+1","Reprogram+1","Hologram+1","Beam Cell+1","Go for the Eyes+1","All For One","Recycle+1","Steam","Hologram+1","Rebound","Scrape"],"relics":["Cracked Core","Unceasing Top","Torii","Kunai","Bottled Flame","Empty Cage","Ginger","Centennial Puzzle","Blood Vial","Black Star","CaptainsWheel","Meat on the Bone","Pocketwatch","Ornamental Fan","Calipers","Gremlin Horn","CeramicFish","Cauldron","DataDisk","Happy Flower"],"potions_floor_usage":[6,12,16,24,24,36,40,50,50,55,55,56],"damage_taken":[{"damage":2,"enemies":"Jaw Worm","floor":1,"turns":3},{"damage":11,"enemies":"2 Louse","floor":2,"turns":4},{"damage":1,"enemies":"Cultist","floor":5,"turns":3},{"damage":20,"enemies":"3 Sentries","floor":6,"turns":8},{"damage":1,"enemies":"Blue Slaver","floor":7,"turns":4},{"damage":13,"enemies":"Lots of Slimes","floor":10,"turns":4},{"damage":0,"enemies":"Large Slime","floor":11,"turns":5},{"damage":1,"enemies":"Lagavulin","floor":12,"turns":6},{"damage":11,"enemies":"Hexaghost","floor":16,"turns":6},{"damage":1,"enemies":"3 Byrds","floor":18,"turns":3},{"damage":0,"enemies":"Spheric Guardian","floor":19,"turns":1},{"damage":0,"enemies":"Centurion and Healer","floor":20,"turns":4},{"damage":13,"enemies":"Slavers","floor":24,"turns":4},{"damage":2,"enemies":"Sentry and Sphere","floor":27,"turns":5},{"damage":1,"enemies":"Cultist and Chosen","floor":28,"turns":4},{"damage":0,"enemies":"Book of Stabbing","floor":29,"turns":3},{"damage":0,"enemies":"Champ","floor":33,"turns":5},{"damage":1,"enemies":"3 Darklings","floor":35,"turns":2},{"damage":7,"enemies":"Mind Bloom Boss Battle","floor":36,"turns":6},{"damage":14,"enemies":"3 Shapes","floor":38,"turns":8},{"damage":9,"enemies":"Writhing Mass","floor":39,"turns":7},{"damage":18,"enemies":"Nemesis","floor":40,"turns":9},{"damage":0,"enemies":"Giant Head","floor":42,"turns":2},{"damage":0,"enemies":"3 Darklings","floor":45,"turns":4},{"damage":0,"enemies":"Nemesis","floor":48,"turns":7},{"damage":41,"enemies":"Time Eater","floor":50,"turns":15},{"damage":0,"enemies":"Awakened One","floor":51,"turns":9},{"damage":18,"enemies":"Shield and Spear","floor":55,"turns":6},{"damage":38,"enemies":"The Heart","floor":56,"turns":10}],"seed_played":"-4551776431790665328","potions_obtained":[{"floor":5,"key":"Explosive Potion"},{"floor":7,"key":"DistilledChaos"},{"floor":11,"key":"Dexterity Potion"},{"floor":12,"key":"GamblersBrew"},{"floor":18,"key":"Weak Potion"},{"floor":19,"key":"PowerPotion"},{"floor":28,"key":"EssenceOfSteel"},{"floor":29,"key":"DuplicationPotion"},{"floor":38,"key":"SneckoOil"},{"floor":42,"key":"Regen Potion"},{"floor":54,"key":"AttackPotion"},{"floor":54,"key":"Fire Potion"},{"floor":55,"key":"BlessingOfTheForge"}],"is_trial":false,"path_per_floor":["M","M","?","?","M","E","M","R","T","M","M","E","R","?","R","B",null,"M","M","M","$","?","R","E","R","T","M","M","E","$","?","R","B",null,"M","?","?","M","M","E","R","E","T","?","M","R","$","E","R","B","B",null,"R","$","E","B",null],"character_chosen":"DEFECT","items_purchased":["Hologram","Cauldron","Rebound"],"campfire_rested":1,"item_purchase_floors":[47,54,54],"current_hp_per_floor":[62,51,51,51,50,30,29,29,29,16,16,15,15,15,36,25,60,59,59,59,59,59,59,46,46,46,44,43,43,43,43,43,45,65,66,61,61,49,42,26,26,40,40,40,42,42,42,44,44,31,45,65,65,65,49,25],"gold":84,"neow_bonus":"ONE_RARE_RELIC","is_prod":false,"is_daily":false,"chose_seed":false,"campfire_upgraded":8,"win_rate":0,"timestamp":1644352650,"path_taken":["M","M","?","?","M","E","?","R","T","M","M","E","R","?","R","BOSS","M","M","?","$","?","R","E","R","T","M","M","E","$","?","R","BOSS","M","?","?","M","M","E","R","E","T","?","M","R","$","E","R","BOSS","BOSS","R","$","E","BOSS"],"build_version":"2020-12-22","purchased_purges":4,"victory":true,"max_hp_per_floor":[71,71,71,71,71,71,71,71,71,71,71,71,71,71,71,71,71,71,71,71,71,71,71,71,71,71,71,71,71,71,71,71,71,71,71,71,71,71,71,71,71,71,71,71,71,71,71,71,71,71,71,71,71,71,71,71],"relic_stats":{"Calipers":[2161],"Torii":69,"Gremlin Horn":[4,4],"Happy Flower":[3],"counters":[29,157],"CeramicFish":18,"Ginger":[11],"Blood Vial":26,"Cauldron":2,"Bottled Flame":"Beam Cell","Centennial Puzzle":[30],"Ornamental Fan":[240],"Black Star":4,"Kunai":[128],"obtain_stats":[{"Calipers":42,"Torii":6,"Gremlin Horn":48,"Happy Flower":55,"CeramicFish":48,"Ginger":24,"Empty Cage":17,"Blood Vial":29,"Cauldron":54,"Bottled Flame":12,"Centennial Puzzle":26,"CaptainsWheel":36,"DataDisk":55,"Ornamental Fan":42,"Black Star":34,"Kunai":9,"Cracked Core":0,"Unceasing Top":0,"Meat on the Bone":40,"Pocketwatch":40},{"Calipers":23,"Torii":4,"Gremlin Horn":25,"Happy Flower":28,"CeramicFish":25,"Ginger":13,"Empty Cage":9,"Blood Vial":16,"Cauldron":27,"Bottled Flame":8,"Centennial Puzzle":13,"CaptainsWheel":19,"DataDisk":28,"Ornamental Fan":23,"Black Star":17,"Kunai":5,"Cracked Core":0,"Unceasing Top":0,"Meat on the Bone":22,"Pocketwatch":22},{"Calipers":106,"Torii":18,"Gremlin Horn":117,"Happy Flower":147,"CeramicFish":117,"Ginger":55,"Empty Cage":43,"Blood Vial":67,"Cauldron":141,"Bottled Flame":37,"Centennial Puzzle":55,"CaptainsWheel":80,"DataDisk":147,"Ornamental Fan":106,"Black Star":72,"Kunai":22,"Cracked Core":0,"Unceasing Top":0,"Meat on the Bone":104,"Pocketwatch":104}],"Unceasing Top":[302],"Meat on the Bone":48,"Pocketwatch":[39]},"card_choices":[{"not_picked":["Rebound","Streamline"],"picked":"Gash","floor":1},{"not_picked":["Barrage","Turbo"],"picked":"Beam Cell","floor":2},{"not_picked":["Turbo","Compile Driver"],"picked":"Steam","floor":5},{"not_picked":["Undo","Echo Form"],"picked":"Conserve Battery","floor":6},{"not_picked":["Sunder","Leap","Steam"],"picked":"SKIP","floor":7},{"not_picked":["Sunder","Leap","Steam"],"picked":"SKIP","floor":7},{"not_picked":["Ball Lightning","Capacitor"],"picked":"Beam Cell","floor":10},{"not_picked":["Barrage","Streamline"],"picked":"Gash","floor":11},{"not_picked":["Consume","Turbo"],"picked":"Ball Lightning","floor":12},{"not_picked":["Echo Form","Thunder Strike"],"picked":"Seek","floor":16},{"not_picked":["Compile Driver","Gash"],"picked":"Reprogram+1","floor":18},{"not_picked":["Cold Snap+1","Stack","Coolheaded"],"picked":"SKIP","floor":19},{"not_picked":["Rebound","Undo","Streamline"],"picked":"SKIP","floor":20},{"not_picked":["Barrage","Leap","Redo"],"picked":"SKIP","floor":24},{"not_picked":["Creative AI","Streamline","Chill"],"picked":"SKIP","floor":27},{"not_picked":["Hello World","Steam"],"picked":"Beam Cell+1","floor":28},{"not_picked":["Coolheaded","Thunder Strike"],"picked":"Go for the Eyes","floor":29},{"not_picked":["Rainbow","Core Surge"],"picked":"All For One","floor":33},{"not_picked":["Rip and Tear","Redo","Cold Snap"],"picked":"SKIP","floor":35},{"not_picked":["Rip and Tear","Redo","Cold Snap"],"picked":"SKIP","floor":35},{"not_picked":["Gash+1","Darkness+1"],"picked":"Recycle","floor":36},{"not_picked":["Recycle","Genetic Algorithm+1","Sweeping Beam+1"],"picked":"SKIP","floor":38},{"not_picked":["Recycle","Turbo"],"picked":"Steam","floor":39},{"not_picked":["Tempest","Defragment","Sweeping Beam"],"picked":"SKIP","floor":40},{"not_picked":["Heatsinks+1","Barrage","Ball Lightning"],"picked":"SKIP","floor":42},{"not_picked":["Turbo","Melter","Sunder"],"picked":"SKIP","floor":45},{"not_picked":["Blizzard","Heatsinks+1","Compile Driver+1"],"picked":"SKIP","floor":48},{"not_picked":["Beam Cell","Chaos"],"picked":"Scrape","floor":55}],"player_experience":6156214,"relics_obtained":[{"floor":6,"key":"Torii"},{"floor":9,"key":"Kunai"},{"floor":12,"key":"Bottled Flame"},{"floor":24,"key":"Ginger"},{"floor":26,"key":"Centennial Puzzle"},{"floor":29,"key":"Blood Vial"},{"floor":36,"key":"CaptainsWheel"},{"floor":40,"key":"Meat on the Bone"},{"floor":40,"key":"Pocketwatch"},{"floor":42,"key":"Ornamental Fan"},{"floor":42,"key":"Calipers"},{"floor":48,"key":"Gremlin Horn"},{"floor":48,"key":"CeramicFish"},{"floor":55,"key":"DataDisk"},{"floor":55,"key":"Happy Flower"}],"event_choices":[{"damage_healed":0,"gold_gain":0,"player_choice":"Grow","damage_taken":0,"max_hp_gain":0,"max_hp_loss":0,"event_name":"Living Wall","floor":3,"gold_loss":0,"cards_upgraded":["Zap"]},{"damage_healed":0,"gold_gain":0,"player_choice":"Upgraded","damage_taken":0,"max_hp_gain":0,"max_hp_loss":0,"event_name":"Upgrade Shrine","floor":4,"gold_loss":0,"cards_upgraded":["Beam Cell"]},{"damage_healed":0,"gold_gain":0,"cards_transformed":["Defend_B"],"player_choice":"Transformed","damage_taken":0,"max_hp_gain":0,"max_hp_loss":0,"event_name":"Transmorgrifier","floor":14,"gold_loss":0,"cards_obtained":["Turbo"]},{"damage_healed":0,"gold_gain":0,"player_choice":"Read","damage_taken":0,"max_hp_gain":0,"max_hp_loss":0,"event_name":"The Library","floor":22,"gold_loss":0,"cards_obtained":["Hologram"]},{"damage_healed":0,"gold_gain":50,"player_choice":"Stole From Cult","damage_taken":0,"max_hp_gain":0,"max_hp_loss":0,"event_name":"Nest","floor":31,"gold_loss":0},{"damage_healed":0,"gold_gain":0,"player_choice":"Fight","damage_taken":0,"max_hp_gain":0,"max_hp_loss":0,"event_name":"MindBloom","floor":36,"gold_loss":0},{"damage_healed":0,"gold_gain":0,"player_choice":"Ignored","damage_taken":0,"max_hp_gain":0,"max_hp_loss":0,"event_name":"Mysterious Sphere","floor":37,"gold_loss":0},{"cards_removed":["Gash"],"damage_healed":0,"gold_gain":0,"player_choice":"Removed Attack","damage_taken":0,"max_hp_gain":0,"max_hp_loss":0,"event_name":"Falling","floor":44,"gold_loss":0}],"is_beta":false,"boss_relics":[{"not_picked":["Ectoplasm","Astrolabe"],"picked":"Empty Cage"},{"not_picked":["Busted Crown","Snecko Eye"],"picked":"Black Star"}],"items_purged_floors":[21,30,47,54],"is_endless":false,"potions_floor_spawned":[5,7,11,12,18,19,28,29,38,42,55],"ascension_level":20}