{"gold_per_floor":[110,125,139,139,27,27,54,54,80,94,109,125,137,471,471,548,548,568,568,138,148,158,158,158,186,186,186,200,31,31,49,49,122,122,139,139,155,105,105,105,133,133,133,161,161,161,178,207,207,207,207,207,207,1,34,34],"floor_reached":57,"playtime":5058,"items_purged":["Strike_B","Strike_B","Self Repair+1"],"score":3065,"play_id":"8c6893b7-2e37-4cde-ad86-3f09149b0511","local_time":"20220322154741","is_ascension_mode":true,"campfire_choices":[{"data":"Darkness","floor":6,"key":"SMITH"},{"data":"Hologram","floor":8,"key":"SMITH"},{"data":"Self Repair","floor":15,"key":"SMITH"},{"data":"Seek","floor":23,"key":"SMITH"},{"data":"Reinforced Body","floor":27,"key":"SMITH"},{"floor":30,"key":"DIG"},{"data":"Defragment","floor":32,"key":"SMITH"},{"floor":40,"key":"DIG"},{"floor":42,"key":"DIG"},{"floor":46,"key":"DIG"},{"floor":49,"key":"RECALL"},{"floor":53,"key":"DIG"}],"neow_cost":"NONE","seed_source_timestamp":2230201554939200,"circlet_count":0,"master_deck":["AscendersBane","Defend_B+1","Defend_B+1","Defend_B+1","Defend_B+1","Zap+1","Dualcast+1","Reinforced Body+1","Genetic Algorithm+1","Doom and Gloom+1","Darkness+1","Hologram+1","Redo+1","Hologram+1","Seek+1","Chill+1","Glacier+1","Capacitor+1","Rip and Tear+1","Thunder Strike+1","Redo+1","Defragment+1","Rainbow+1","Hologram+1","Auto Shields+1","Defragment","Tempest+1","Loop","Turbo+1","Coolheaded"],"relics":["Velvet Choker","Ancient Tea Set","Oddly Smooth Stone","Old Coin","Runic Pyramid","Membership Card","Bottled Lightning","Shovel","Question Card","DataDisk","ClockworkSouvenir","Darkstone Periapt","Fusion Hammer","Mark of the Bloom","Dream Catcher","Pen Nib","Gremlin Horn","Blue Candle","Mango","Symbiotic Virus","White Beast Statue","War Paint","Anchor"],"potions_floor_usage":[14,16,55,56,56],"damage_taken":[{"damage":3,"enemies":"Small Slimes","floor":1,"turns":4},{"damage":0,"enemies":"Cultist","floor":2,"turns":4},{"damage":7,"enemies":"2 Louse","floor":3,"turns":3},{"damage":20,"enemies":"3 Sentries","floor":7,"turns":5},{"damage":3,"enemies":"Red Slaver","floor":10,"turns":3},{"damage":0,"enemies":"Large Slime","floor":11,"turns":4},{"damage":0,"enemies":"2 Fungi Beasts","floor":12,"turns":2},{"damage":0,"enemies":"Exordium Wildlife","floor":13,"turns":3},{"damage":7,"enemies":"Gremlin Nob","floor":14,"turns":3},{"damage":16,"enemies":"Hexaghost","floor":16,"turns":7},{"damage":2,"enemies":"2 Thieves","floor":18,"turns":5},{"damage":0,"enemies":"Shell Parasite","floor":21,"turns":4},{"damage":0,"enemies":"Snake Plant","floor":22,"turns":4},{"damage":10,"enemies":"Book of Stabbing","floor":25,"turns":6},{"damage":0,"enemies":"Sentry and Sphere","floor":28,"turns":3},{"damage":0,"enemies":"Snecko","floor":31,"turns":4},{"damage":45,"enemies":"Collector","floor":33,"turns":10},{"damage":0,"enemies":"3 Darklings","floor":35,"turns":4},{"damage":0,"enemies":"3 Shapes","floor":37,"turns":2},{"damage":0,"enemies":"Nemesis","floor":41,"turns":5},{"damage":0,"enemies":"Giant Head","floor":44,"turns":7},{"damage":0,"enemies":"Jaw Worm Horde","floor":47,"turns":4},{"damage":0,"enemies":"Reptomancer","floor":48,"turns":6},{"damage":0,"enemies":"Time Eater","floor":50,"turns":17},{"damage":0,"enemies":"Awakened One","floor":51,"turns":14},{"damage":15,"enemies":"Shield and Spear","floor":55,"turns":8},{"damage":14,"enemies":"The Heart","floor":56,"turns":11}],"seed_played":"2901189460930401239","potions_obtained":[{"floor":7,"key":"Energy Potion"},{"floor":11,"key":"LiquidMemories"},{"floor":13,"key":"FocusPotion"},{"floor":14,"key":"LiquidBronze"},{"floor":19,"key":"Swift Potion"},{"floor":31,"key":"FocusPotion"},{"floor":55,"key":"Ancient Potion"}],"is_trial":false,"path_per_floor":["M","M","M","?","$","R","E","R","T","M","M","M","M","E","R","B",null,"M","?","$","M","M","R","?","E","T","R","M","$","R","M","R","B",null,"M","?","M","$","?","R","E","R","T","E","?","R","M","E","R","B","B",null,"R","$","E","B",null],"character_chosen":"DEFECT","items_purchased":["Doom and Gloom","Darkness","Membership Card","Bottled Lightning","Glacier","Capacitor","DataDisk","ClockworkSouvenir","Turbo","War Paint","SpeedPotion"],"campfire_rested":0,"item_purchase_floors":[5,5,20,20,20,20,29,29,54,54,54],"current_hp_per_floor":[61,61,54,54,54,54,34,34,34,31,31,31,31,24,24,18,58,66,66,66,71,71,71,71,71,71,71,71,71,71,71,71,36,62,71,71,71,71,71,71,71,71,71,71,71,71,71,71,71,71,71,71,71,71,56,42],"gold":34,"neow_bonus":"BOSS_RELIC","is_prod":false,"is_daily":false,"chose_seed":false,"campfire_upgraded":6,"win_rate":0,"timestamp":1647978461,"path_taken":["M","M","M","?","$","R","E","R","T","?","M","M","M","E","R","BOSS","M","?","$","?","M","R","?","E","T","R","M","$","R","M","R","BOSS","M","?","M","$","?","R","E","R","T","E","?","R","M","E","R","BOSS","BOSS","R","$","E","BOSS"],"build_version":"2022-03-07","purchased_purges":3,"victory":true,"max_hp_per_floor":[71,71,71,71,71,71,71,71,71,71,71,71,71,71,71,71,71,71,71,71,71,71,71,71,71,71,71,71,71,71,71,71,71,71,71,71,71,71,71,71,71,71,71,71,71,85,85,85,85,85,85,85,85,85,85,85],"relic_stats":{"Darkstone Periapt":0,"Mark of the Bloom":75,"Gremlin Horn":[12,13],"counters":[27,152],"Blue Candle":[0],"Pen Nib":[2],"War Paint":["Tempest","Turbo"],"Ancient Tea Set":[22],"Question Card":10,"White Beast Statue":[0.0,0.0,0.0,0.4,0.0,0.6000000000000001,0.0,0.0,0.0,0.0,0.0,0.4],"Dream Catcher":0,"Shovel":5,"Membership Card":682,"Bottled Lightning":"Seek","obtain_stats":[{"Darkstone Periapt":30,"Mark of the Bloom":39,"Gremlin Horn":42,"Blue Candle":44,"Velvet Choker":0,"Oddly Smooth Stone":9,"Mango":46,"Pen Nib":41,"War Paint":54,"Ancient Tea Set":7,"Question Card":26,"White Beast Statue":53,"Old Coin":14,"ClockworkSouvenir":29,"DataDisk":29,"Dream Catcher":40,"Anchor":55,"Shovel":25,"Fusion Hammer":34,"Membership Card":20,"Bottled Lightning":20,"Cracked Core":0,"Symbiotic Virus":48,"Runic Pyramid":17},{"Darkstone Periapt":15,"Mark of the Bloom":19,"Gremlin Horn":20,"Blue Candle":21,"Velvet Choker":0,"Oddly Smooth Stone":4,"Mango":21,"Pen Nib":20,"War Paint":25,"Ancient Tea Set":4,"Question Card":14,"White Beast Statue":25,"Old Coin":9,"ClockworkSouvenir":15,"DataDisk":15,"Dream Catcher":19,"Anchor":26,"Shovel":14,"Fusion Hammer":17,"Membership Card":11,"Bottled Lightning":11,"Cracked Core":0,"Symbiotic Virus":23,"Runic Pyramid":10},{"Darkstone Periapt":60,"Mark of the Bloom":80,"Gremlin Horn":85,"Blue Candle":92,"Velvet Choker":0,"Oddly Smooth Stone":16,"Mango":92,"Pen Nib":85,"War Paint":133,"Ancient Tea Set":16,"Question Card":57,"White Beast Statue":133,"Old Coin":31,"ClockworkSouvenir":60,"DataDisk":60,"Dream Catcher":80,"Anchor":141,"Shovel":57,"Fusion Hammer":74,"Membership Card":43,"Bottled Lightning":43,"Cracked Core":0,"Symbiotic Virus":102,"Runic Pyramid":38}]},"card_choices":[{"not_picked":["Gash","Compile Driver"],"picked":"Sweeping Beam","floor":1},{"not_picked":["Ball Lightning","Go for the Eyes"],"picked":"Reinforced Body","floor":2},{"not_picked":["Beam Cell","Conserve Battery"],"picked":"Genetic Algorithm","floor":3},{"not_picked":["Coolheaded","Skim"],"picked":"Hologram","floor":7},{"not_picked":["Blizzard","Stack"],"picked":"Redo","floor":10},{"not_picked":["Electrodynamics","Stack"],"picked":"Hologram","floor":11},{"not_picked":["Stack","Redo","Beam Cell"],"picked":"SKIP","floor":12},{"not_picked":["Hologram","Static Discharge","Hello World"],"picked":"SKIP","floor":13},{"not_picked":["Compile Driver","Cold Snap"],"picked":"Self Repair","floor":14},{"not_picked":["Biased Cognition","Meteor Strike"],"picked":"Seek","floor":16},{"not_picked":["Hologram","Steam"],"picked":"Chill","floor":18},{"not_picked":["Reprogram","Glacier","White Noise"],"picked":"SKIP","floor":21},{"not_picked":["Hello World","Barrage","Stack"],"picked":"SKIP","floor":22},{"not_picked":["Thunder Strike","Leap+1","Cold Snap"],"picked":"SKIP","floor":25},{"not_picked":["Glacier","Force Field","Doom and Gloom"],"picked":"Redo","floor":28},{"not_picked":["Beam Cell","Ball Lightning","Self Repair"],"picked":"Defragment","floor":31},{"not_picked":["All For One","Reboot","Electrodynamics"],"picked":"Rainbow","floor":33},{"not_picked":["Blizzard","Ball Lightning","Gash+1"],"picked":"Hologram","floor":35},{"not_picked":["Loop","Conserve Battery","Gash"],"picked":"Auto Shields+1","floor":37},{"not_picked":["Turbo","Coolheaded","Leap+1"],"picked":"Defragment","floor":41},{"not_picked":["Steam","Scrape","Rebound"],"picked":"Tempest","floor":44},{"not_picked":["Doom and Gloom","Melter","Gash","Rip and Tear+1"],"picked":"SKIP","floor":47},{"not_picked":["Barrage+1","Reboot","Rebound+1"],"picked":"Loop","floor":48},{"not_picked":["Rainbow","Auto Shields+1","Streamline"],"picked":"Coolheaded","floor":55}],"player_experience":6520346,"relics_obtained":[{"floor":7,"key":"Ancient Tea Set"},{"floor":9,"key":"Oddly Smooth Stone"},{"floor":14,"key":"Old Coin"},{"floor":25,"key":"Shovel"},{"floor":26,"key":"Question Card"},{"floor":30,"key":"Darkstone Periapt"},{"floor":40,"key":"Dream Catcher"},{"floor":41,"key":"Pen Nib"},{"floor":42,"key":"Gremlin Horn"},{"floor":44,"key":"Blue Candle"},{"floor":46,"key":"Mango"},{"floor":48,"key":"Symbiotic Virus"},{"floor":53,"key":"White Beast Statue"},{"floor":55,"key":"Anchor"}],"event_choices":[{"damage_healed":0,"gold_gain":0,"player_choice":"Upgraded","damage_taken":0,"max_hp_gain":0,"max_hp_loss":0,"event_name":"Upgrade Shrine","floor":4,"gold_loss":0,"cards_upgraded":["Sweeping Beam"]},{"damage_healed":0,"gold_gain":0,"player_choice":"Got Potions","damage_taken":0,"max_hp_gain":0,"max_hp_loss":0,"event_name":"Lab","floor":19,"gold_loss":0},{"damage_healed":0,"gold_gain":0,"cards_transformed":["Strike_B","Strike_B"],"player_choice":"Became Test Subject","damage_taken":0,"max_hp_gain":0,"max_hp_loss":0,"event_name":"Drug Dealer","floor":24,"gold_loss":0,"cards_obtained":["Rip and Tear","Thunder Strike"]},{"cards_removed":["Sweeping Beam"],"damage_healed":0,"gold_gain":0,"player_choice":"Removed Attack","damage_taken":0,"max_hp_gain":0,"max_hp_loss":0,"event_name":"Falling","floor":36,"gold_loss":0},{"damage_healed":0,"gold_gain":0,"player_choice":"Upgrade","damage_taken":0,"relics_obtained":["Mark of the Bloom"],"max_hp_gain":0,"max_hp_loss":0,"event_name":"MindBloom","floor":39,"gold_loss":0,"cards_upgraded":["Defend_B","Defend_B","Defend_B","Defend_B","Zap","Dualcast","Genetic Algorithm","Doom and Gloom","Redo","Hologram","Chill","Glacier","Capacitor","Rip and Tear","Thunder Strike","Redo","Rainbow","Hologram"]},{"damage_healed":0,"gold_gain":0,"player_choice":"Ignored","damage_taken":0,"max_hp_gain":0,"max_hp_loss":0,"event_name":"Tomb of Lord Red Mask","floor":45,"gold_loss":0}],"is_beta":false,"boss_relics":[{"not_picked":["Coffee Dripper","Cursed Key"],"picked":"Runic Pyramid"},{"not_picked":["Astrolabe","Runic Dome"],"picked":"Fusion Hammer"}],"items_purged_floors":[20,38,54],"is_endless":false,"potions_floor_spawned":[7,11,13,14,21,31,33,37,47,55],"ascension_level":20}