{"gold_per_floor":[113,128,128,28,45,45,45,78,78,78,91,106,106],"floor_reached":13,"playtime":935,"items_purged":["Pain"],"score":170,"play_id":"d82a2d83-297c-44e8-8b33-fb34f459e9bd","local_time":"20220315124001","is_ascension_mode":true,"campfire_choices":[{"data":"Ball Lightning","floor":7,"key":"SMITH"},{"floor":10,"key":"REST"}],"neow_cost":"NONE","seed_source_timestamp":1618328243275700,"circlet_count":0,"master_deck":["AscendersBane","Strike_B","Strike_B","Strike_B","Strike_B","Defend_B","Defend_B","Defend_B","Defend_B","Zap","Dualcast","Rebound","Ball Lightning+1","Recycle","Compile Driver+1"],"relics":["Busted Crown","WarpedTongs","Pantograph","Molten Egg 2","Gremlin Horn"],"potions_floor_usage":[13,13],"damage_taken":[{"damage":2,"enemies":"Cultist","floor":1,"turns":4},{"damage":4,"enemies":"Jaw Worm","floor":2,"turns":4},{"damage":4,"enemies":"2 Louse","floor":5,"turns":3},{"damage":25,"enemies":"3 Sentries","floor":8,"turns":6},{"damage":16,"enemies":"Blue Slaver","floor":11,"turns":3},{"damage":7,"enemies":"Exordium Wildlife","floor":12,"turns":3},{"damage":28,"enemies":"Gremlin Nob","floor":13,"turns":3}],"seed_played":"2947298298435463566","potions_obtained":[{"floor":8,"key":"Block Potion"},{"floor":11,"key":"CultistPotion"},{"floor":12,"key":"BlessingOfTheForge"}],"is_trial":false,"path_per_floor":["M","M","?","$","M","?","R","E","T","R","M","M","E"],"character_chosen":"DEFECT","items_purchased":["Ball Lightning"],"campfire_rested":1,"item_purchase_floors":[4],"current_hp_per_floor":[62,58,58,58,54,43,43,18,18,39,23,16,0],"gold":106,"neow_bonus":"BOSS_RELIC","is_prod":false,"is_daily":false,"chose_seed":false,"campfire_upgraded":1,"win_rate":0,"timestamp":1647362401,"path_taken":["M","M","?","$","?","?","R","E","T","R","M","M","E"],"build_version":"2022-03-07","purchased_purges":1,"victory":false,"max_hp_per_floor":[71,71,71,71,71,71,71,71,71,71,71,71,71],"relic_stats":{"Busted Crown":12,"Gremlin Horn":[1,1],"counters":[7,26],"Pantograph":0,"obtain_stats":[{"Busted Crown":0,"Gremlin Horn":9,"Pantograph":6,"Molten Egg 2":8,"Cracked Core":0,"WarpedTongs":3},{"Busted Crown":0,"Gremlin Horn":4,"Pantograph":3,"Molten Egg 2":4,"Cracked Core":0,"WarpedTongs":2},{"Busted Crown":0,"Gremlin Horn":17,"Pantograph":11,"Molten Egg 2":17,"Cracked Core":0,"WarpedTongs":8}],"WarpedTongs":[18]},"card_choices":[{"not_picked":["Turbo"],"picked":"SKIP","floor":1},{"not_picked":[],"picked":"Rebound","floor":2},{"not_picked":[],"picked":"Recycle","floor":5},{"not_picked":["Steam"],"picked":"SKIP","floor":8},{"not_picked":["Steam"],"picked":"SKIP","floor":8},{"not_picked":["Steam"],"picked":"SKIP","floor":8},{"not_picked":[],"picked":"Compile Driver+1","floor":11},{"not_picked":["Turbo"],"picked":"SKIP","floor":12}],"player_experience":6465116,"relics_obtained":[{"floor":8,"key":"Molten Egg 2"},{"floor":9,"key":"Gremlin Horn"}],"event_choices":[{"damage_healed":0,"gold_gain":0,"player_choice":"Rummage","damage_taken":0,"relics_obtained":["WarpedTongs"],"max_hp_gain":0,"max_hp_loss":0,"event_name":"Accursed Blacksmith","floor":3,"gold_loss":0,"cards_obtained":["Pain"]},{"damage_healed":0,"gold_gain":0,"player_choice":"Success","damage_taken":11,"relics_obtained":["Pantograph"],"max_hp_gain":0,"max_hp_loss":0,"event_name":"Scrap Ooze","floor":6,"gold_loss":0}],"is_beta":false,"boss_relics":[],"items_purged_floors":[4],"is_endless":false,"potions_floor_spawned":[8,11,12],"killed_by":"Gremlin Nob","ascension_level":20}