{"gold_per_floor":[119,135,17,36,54,89,89,124,124,143,143,159,159,170,170,245,245,265,146,158,168,184,209,222,47,47,47,47,77,88,119,119,198,198,225,284,306,318,205,205,230,263,263,273,287,300,326,337,337,337,337],"floor_reached":51,"playtime":4662,"items_purged":["Strike_B","Strike_B","Zap"],"score":1666,"play_id":"97f7ea20-bfbf-4594-af84-bb29becc2911","local_time":"20220312154406","is_ascension_mode":true,"campfire_choices":[{"floor":7,"key":"REST"},{"data":"Sunder","floor":11,"key":"SMITH"},{"data":"Beam Cell","floor":13,"key":"SMITH"},{"data":"Streamline","floor":15,"key":"SMITH"},{"floor":27,"key":"REST"},{"data":"Heatsinks","floor":32,"key":"SMITH"},{"floor":40,"key":"RECALL"},{"data":"Hologram","floor":49,"key":"SMITH"}],"neow_cost":"NONE","seed_source_timestamp":1370045683170100,"circlet_count":0,"master_deck":["AscendersBane","Strike_B","Strike_B","Defend_B","Defend_B","Defend_B+1","Defend_B+1","Dualcast","Beam Cell+1","FTL","Rebound","Conserve Battery","Streamline+1","Sunder+1","Cold Snap","Biased Cognition","Electrodynamics","Fusion","Aggregate","Hologram+1","Self Repair+1","Reinforced Body","Sunder","Heatsinks+1","Hologram","Hologram+1","Meteor Strike","CurseOfTheBell","Hologram+1","Go for the Eyes+1"],"relics":["Black Star","Nunchaku","Regal Pillow","InkBottle","Bag of Marbles","StoneCalendar","MealTicket","Snecko Eye","Singing Bowl","Lantern","Mummified Hand","Lizard Tail","War Paint","Frozen Egg 2","PreservedInsect","Calling Bell","MawBank","Kunai","Turnip","Peace Pipe","Dream Catcher","Strawberry","White Beast Statue","Cables","Happy Flower"],"potions_floor_usage":[6,8,16,20,24,33,44,47,47,50,51],"damage_taken":[{"damage":3,"enemies":"2 Louse","floor":1,"turns":3},{"damage":1,"enemies":"Cultist","floor":2,"turns":3},{"damage":7,"enemies":"Small Slimes","floor":4,"turns":3},{"damage":14,"enemies":"3 Louse","floor":5,"turns":4},{"damage":18,"enemies":"3 Sentries","floor":6,"turns":9},{"damage":6,"enemies":"Gremlin Nob","floor":8,"turns":3},{"damage":8,"enemies":"Exordium Wildlife","floor":10,"turns":3},{"damage":11,"enemies":"Blue Slaver","floor":12,"turns":3},{"damage":0,"enemies":"2 Fungi Beasts","floor":14,"turns":2},{"damage":3,"enemies":"The Guardian","floor":16,"turns":7},{"damage":8,"enemies":"3 Byrds","floor":18,"turns":3},{"damage":0,"enemies":"Shell Parasite","floor":20,"turns":1},{"damage":0,"enemies":"3 Cultists","floor":21,"turns":3},{"damage":20,"enemies":"Centurion and Healer","floor":22,"turns":6},{"damage":29,"enemies":"Slavers","floor":23,"turns":4},{"damage":5,"enemies":"Snecko","floor":24,"turns":3},{"damage":22,"enemies":"Book of Stabbing","floor":29,"turns":3},{"damage":0,"enemies":"3 Cultists","floor":30,"turns":3},{"damage":14,"enemies":"Gremlin Leader","floor":31,"turns":5},{"damage":51,"enemies":"Automaton","floor":33,"turns":7},{"damage":0,"enemies":"Orb Walker","floor":35,"turns":1},{"damage":27,"enemies":"2 Orb Walkers","floor":36,"turns":4},{"damage":0,"enemies":"3 Shapes","floor":37,"turns":4},{"damage":0,"enemies":"Nemesis","floor":42,"turns":1},{"damage":0,"enemies":"Jaw Worm Horde","floor":44,"turns":2},{"damage":68,"enemies":"Transient","floor":45,"turns":6},{"damage":0,"enemies":"Sphere and 2 Shapes","floor":46,"turns":5},{"damage":38,"enemies":"Giant Head","floor":47,"turns":7},{"damage":0,"enemies":"Jaw Worm Horde","floor":48,"turns":3},{"damage":56,"enemies":"Awakened One","floor":50,"turns":16},{"damage":67,"enemies":"Time Eater","floor":51,"turns":9}],"seed_played":"-6453559183263637669","potions_obtained":[{"floor":1,"key":"FearPotion"},{"floor":5,"key":"DuplicationPotion"},{"floor":6,"key":"FocusPotion"},{"floor":8,"key":"FocusPotion"},{"floor":16,"key":"FearPotion"},{"floor":18,"key":"LiquidMemories"},{"floor":20,"key":"Ancient Potion"},{"floor":31,"key":"Strength Potion"},{"floor":37,"key":"LiquidBronze"},{"floor":44,"key":"Explosive Potion"},{"floor":45,"key":"LiquidMemories"},{"floor":46,"key":"AttackPotion"},{"floor":47,"key":"Regen Potion"},{"floor":48,"key":"PowerPotion"}],"is_trial":false,"path_per_floor":["M","M","?","M","M","E","R","E","T","M","R","M","R","M","R","B",null,"M","$","M","M","M","E","M","$","T","R","?","E","M","E","R","B",null,"M","?","M","?","$","R","T","E","T","M","M","M","E","M","R","B","B"],"character_chosen":"DEFECT","items_purchased":["Fusion","Sunder"],"campfire_rested":2,"item_purchase_floors":[19,25],"current_hp_per_floor":[61,60,60,53,39,21,57,51,51,43,43,32,32,32,32,29,61,53,68,68,68,48,19,14,29,29,65,65,53,63,59,59,18,58,60,45,57,53,68,68,68,77,77,79,23,33,60,70,70,39,0],"gold":337,"neow_bonus":"BOSS_RELIC","is_prod":false,"is_daily":false,"chose_seed":false,"campfire_upgraded":5,"win_rate":0,"timestamp":1647117846,"path_taken":["M","M","?","?","M","E","R","E","T","M","R","M","R","M","R","BOSS","M","$","M","M","M","E","M","$","T","R","?","E","M","E","R","BOSS","M","?","M","?","$","R","?","E","T","M","M","M","E","?","R","BOSS","BOSS"],"build_version":"2022-03-07","purchased_purges":3,"victory":false,"max_hp_per_floor":[71,71,71,71,71,71,71,71,71,71,71,71,71,71,71,71,71,71,71,71,71,71,71,71,71,71,71,71,71,71,71,71,71,71,73,75,77,83,83,83,83,92,92,94,96,96,98,98,98,98,98],"relic_stats":{"Regal Pillow":30,"Singing Bowl":20,"Happy Flower":[9],"counters":[31,136],"StoneCalendar":[208],"PreservedInsect":213,"War Paint":["Defend_B","Defend_B"],"MawBank":60,"White Beast Statue":[0.0,0.007200000000000002,0.0,0.16800000000000007,0.0,0.5049600000000003,0.0,0.2934400000000001,0.0,0.026400000000000007,0.0,2.8361600000000005],"Cables":[23,0,1,0,22],"Peace Pipe":0,"Nunchaku":[31],"Lizard Tail":48,"Dream Catcher":0,"Mummified Hand":[71],"Snecko Eye":[165,184,155,193,-165],"MealTicket":45,"Turnip":[6],"Black Star":7,"Kunai":[34],"obtain_stats":[{"Regal Pillow":6,"Lantern":23,"Singing Bowl":23,"StoneCalendar":8,"Nunchaku":3,"Lizard Tail":29,"Dream Catcher":42,"Mummified Hand":26,"Strawberry":42,"MealTicket":9,"Kunai":34,"Cracked Core":0,"InkBottle":6,"Happy Flower":47,"PreservedInsect":31,"War Paint":29,"Frozen Egg 2":31,"MawBank":34,"White Beast Statue":43,"Cables":47,"Calling Bell":34,"Peace Pipe":36,"Snecko Eye":17,"Turnip":34,"Black Star":0,"Bag of Marbles":8},{"Regal Pillow":5,"Lantern":15,"Singing Bowl":15,"StoneCalendar":6,"Nunchaku":2,"Lizard Tail":17,"Dream Catcher":24,"Mummified Hand":16,"Strawberry":24,"MealTicket":6,"Kunai":20,"Cracked Core":0,"InkBottle":5,"Happy Flower":28,"PreservedInsect":19,"War Paint":17,"Frozen Egg 2":19,"MawBank":20,"White Beast Statue":24,"Cables":28,"Calling Bell":20,"Peace Pipe":22,"Snecko Eye":10,"Turnip":20,"Black Star":0,"Bag of Marbles":6},{"Regal Pillow":22,"Lantern":57,"Singing Bowl":57,"StoneCalendar":25,"Nunchaku":6,"Lizard Tail":63,"Dream Catcher":88,"Mummified Hand":60,"Strawberry":88,"MealTicket":25,"Kunai":78,"Cracked Core":0,"InkBottle":22,"Happy Flower":108,"PreservedInsect":71,"War Paint":63,"Frozen Egg 2":71,"MawBank":78,"White Beast Statue":88,"Cables":108,"Calling Bell":78,"Peace Pipe":83,"Snecko Eye":40,"Turnip":78,"Black Star":0,"Bag of Marbles":25}],"InkBottle":[56]},"card_choices":[{"not_picked":["Lockon","Turbo"],"picked":"Beam Cell","floor":1},{"not_picked":["Chill","Self Repair"],"picked":"FTL","floor":2},{"not_picked":["Turbo","Heatsinks"],"picked":"Rebound","floor":4},{"not_picked":["Barrage","White Noise"],"picked":"Conserve Battery","floor":5},{"not_picked":["Coolheaded","Hologram"],"picked":"Streamline","floor":6},{"not_picked":["Turbo","Barrage","Leap"],"picked":"SKIP","floor":8},{"not_picked":["Turbo","Barrage","Leap"],"picked":"SKIP","floor":8},{"not_picked":["Leap","Scrape"],"picked":"Sunder","floor":10},{"not_picked":["Go for the Eyes","Stack"],"picked":"Cold Snap","floor":12},{"not_picked":["Cold Snap","Streamline"],"picked":"Biased Cognition","floor":14},{"not_picked":["Reboot","Meteor Strike"],"picked":"Electrodynamics","floor":16},{"not_picked":["Compile Driver","Ball Lightning","Steam"],"picked":"SKIP","floor":18},{"not_picked":["Ball Lightning","Sweeping Beam+1"],"picked":"Aggregate","floor":20},{"not_picked":["Compile Driver","Beam Cell"],"picked":"Hologram","floor":22},{"not_picked":["Hologram","Conserve Battery"],"picked":"Self Repair+1","floor":23},{"not_picked":["Self Repair","Redo"],"picked":"Reinforced Body","floor":24},{"not_picked":["Coolheaded","Fusion"],"picked":"Heatsinks","floor":29},{"not_picked":["Ball Lightning+1","Loop"],"picked":"Hologram","floor":30},{"not_picked":["Thunder Strike","Rebound"],"picked":"Hologram+1","floor":31},{"not_picked":["Rainbow","Fission"],"picked":"Meteor Strike","floor":33},{"not_picked":["Scrape","Cold Snap+1","Rebound+1"],"picked":"Singing Bowl","floor":35},{"not_picked":["Go for the Eyes+1","White Noise","Lockon"],"picked":"Singing Bowl","floor":36},{"not_picked":["Ball Lightning","Stack","Blizzard"],"picked":"Singing Bowl","floor":37},{"not_picked":["Flash of Steel","Forethought","Mind Blast"],"picked":"Singing Bowl","floor":38},{"not_picked":["PanicButton","Swift Strike","Blind"],"picked":"Singing Bowl","floor":38},{"not_picked":["Dark Shackles","Panacea","Mind Blast"],"picked":"Singing Bowl","floor":38},{"not_picked":["Gash","Darkness","Amplify"],"picked":"Singing Bowl","floor":42},{"not_picked":["Rebound+1","Go for the Eyes","Cold Snap"],"picked":"Singing Bowl","floor":44},{"not_picked":["Steam+1","Glacier","Sweeping Beam"],"picked":"Singing Bowl","floor":45},{"not_picked":["Capacitor+1","Barrage"],"picked":"Hologram+1","floor":46},{"not_picked":["Stack","Genetic Algorithm","Sweeping Beam"],"picked":"Singing Bowl","floor":47},{"not_picked":["Doom and Gloom","Hello World+1"],"picked":"Go for the Eyes+1","floor":48}],"player_experience":6460454,"relics_obtained":[{"floor":6,"key":"Regal Pillow"},{"floor":6,"key":"InkBottle"},{"floor":8,"key":"Bag of Marbles"},{"floor":8,"key":"StoneCalendar"},{"floor":9,"key":"MealTicket"},{"floor":23,"key":"Singing Bowl"},{"floor":23,"key":"Lantern"},{"floor":26,"key":"Mummified Hand"},{"floor":29,"key":"Lizard Tail"},{"floor":29,"key":"War Paint"},{"floor":31,"key":"Frozen Egg 2"},{"floor":31,"key":"PreservedInsect"},{"floor":34,"key":"MawBank"},{"floor":34,"key":"Kunai"},{"floor":34,"key":"Turnip"},{"floor":36,"key":"Peace Pipe"},{"floor":42,"key":"Dream Catcher"},{"floor":42,"key":"Strawberry"},{"floor":43,"key":"White Beast Statue"},{"floor":47,"key":"Cables"},{"floor":47,"key":"Happy Flower"}],"event_choices":[{"damage_healed":0,"gold_gain":0,"player_choice":"Paid Gold","damage_taken":0,"relics_obtained":["Nunchaku"],"max_hp_gain":0,"max_hp_loss":0,"event_name":"WeMeetAgain","floor":3,"gold_loss":118},{"damage_healed":0,"gold_gain":0,"player_choice":"Fight","damage_taken":0,"max_hp_gain":0,"max_hp_loss":0,"event_name":"Mysterious Sphere","floor":36,"gold_loss":0},{"damage_healed":0,"gold_gain":0,"player_choice":"Memory 3","damage_taken":10,"max_hp_gain":0,"max_hp_loss":0,"event_name":"SensoryStone","floor":38,"gold_loss":0}],"is_beta":false,"boss_relics":[{"not_picked":["Runic Dome","Inserter"],"picked":"Snecko Eye"},{"not_picked":["Sozu","Velvet Choker"],"picked":"Calling Bell"}],"items_purged_floors":[19,25,39],"is_endless":false,"potions_floor_spawned":[1,5,6,8,10,16,18,20,23,31,37,44,45,46,47,48],"killed_by":"Time Eater","ascension_level":20}