{"gold_per_floor":[113,127,145,158,24,54,54,80,80,80,106,134,149,177,177,255,255,275,275,285,285,91,91,125,125,125,125,125,145,177,20,20,94,94,114,125,145,145,158,189,189,214,214,227,227,247,247,258,258,258,258,258,258,25,59,59],"floor_reached":57,"playtime":5537,"items_purged":["Thunder Strike","Hyperbeam"],"score":3260,"play_id":"e6a28b4a-cc70-4949-993f-0b9bc8ac01a0","local_time":"20220317152956","is_ascension_mode":true,"campfire_choices":[{"data":"Hyperbeam","floor":7,"key":"SMITH"},{"data":"Recycle","floor":10,"key":"SMITH"},{"data":"Hologram","floor":15,"key":"SMITH"},{"data":"Consume","floor":23,"key":"SMITH"},{"data":"Capacitor","floor":25,"key":"SMITH"},{"data":"Ghostly","floor":28,"key":"SMITH"},{"data":"White Noise","floor":32,"key":"SMITH"},{"data":"Seek","floor":41,"key":"SMITH"},{"floor":45,"key":"RECALL"},{"data":"White Noise","floor":47,"key":"SMITH"},{"data":"Aggregate","floor":49,"key":"SMITH"},{"data":"White Noise","floor":53,"key":"SMITH"}],"neow_cost":"NONE","seed_source_timestamp":1796694447106300,"circlet_count":0,"master_deck":["AscendersBane","Multi-Cast","Beam Cell","Consume+1","FTL","Compile Driver","Hyperbeam+1","Cold Snap","Recycle+1","Cold Snap","Hologram+1","Compile Driver","Undo","Electrodynamics","White Noise+1","Capacitor+1","Force Field","Ghostly+1","Ghostly","Ghostly","Coolheaded","White Noise+1","Echo Form","Seek+1","Turbo","Cold Snap+1","White Noise+1","Aggregate+1","Echo Form","Storm","Chaos+1"],"relics":["Pandora\u0027s Box","Dream Catcher","Meat on the Bone","Incense Burner","Mango","Odd Mushroom","Boot","SlaversCollar","OrangePellets","CaptainsWheel","Pantograph","Bronze Scales","Strange Spoon","Inserter","Cables","Pear","Strawberry"],"potions_floor_usage":[16,20,42,56,56],"damage_taken":[{"damage":0,"enemies":"Small Slimes","floor":1,"turns":2},{"damage":0,"enemies":"2 Louse","floor":2,"turns":1},{"damage":15,"enemies":"Jaw Worm","floor":3,"turns":3},{"damage":12,"enemies":"Lots of Slimes","floor":4,"turns":2},{"damage":7,"enemies":"Gremlin Nob","floor":6,"turns":3},{"damage":9,"enemies":"Lagavulin","floor":8,"turns":5},{"damage":1,"enemies":"Gremlin Nob","floor":11,"turns":3},{"damage":0,"enemies":"The Mushroom Lair","floor":12,"turns":1},{"damage":10,"enemies":"Blue Slaver","floor":13,"turns":4},{"damage":0,"enemies":"Lagavulin","floor":14,"turns":5},{"damage":32,"enemies":"Hexaghost","floor":16,"turns":8},{"damage":14,"enemies":"Shell Parasite","floor":18,"turns":5},{"damage":10,"enemies":"3 Byrds","floor":20,"turns":2},{"damage":24,"enemies":"Book of Stabbing","floor":24,"turns":6},{"damage":16,"enemies":"Centurion and Healer","floor":29,"turns":4},{"damage":0,"enemies":"Slavers","floor":30,"turns":2},{"damage":0,"enemies":"Collector","floor":33,"turns":10},{"damage":4,"enemies":"Orb Walker","floor":35,"turns":5},{"damage":0,"enemies":"3 Darklings","floor":36,"turns":4},{"damage":1,"enemies":"Writhing Mass","floor":37,"turns":12},{"damage":1,"enemies":"Jaw Worm Horde","floor":39,"turns":2},{"damage":0,"enemies":"Reptomancer","floor":40,"turns":6},{"damage":0,"enemies":"Nemesis","floor":42,"turns":9},{"damage":1,"enemies":"Sphere and 2 Shapes","floor":44,"turns":3},{"damage":7,"enemies":"Transient","floor":46,"turns":6},{"damage":16,"enemies":"Writhing Mass","floor":48,"turns":9},{"damage":0,"enemies":"Donu and Deca","floor":50,"turns":7},{"damage":0,"enemies":"Awakened One","floor":51,"turns":35},{"damage":3,"enemies":"Shield and Spear","floor":55,"turns":5},{"damage":42,"enemies":"The Heart","floor":56,"turns":6}],"seed_played":"1977347091746097046","potions_obtained":[{"floor":2,"key":"FocusPotion"},{"floor":3,"key":"LiquidBronze"},{"floor":6,"key":"Ancient Potion"},{"floor":14,"key":"Weak Potion"},{"floor":18,"key":"SkillPotion"},{"floor":24,"key":"SteroidPotion"},{"floor":40,"key":"Fruit Juice"},{"floor":42,"key":"FearPotion"}],"is_trial":false,"path_per_floor":["M","M","M","M","$","E","R","E","T","R","E","?","M","E","R","B",null,"M","?","M","?","$","R","E","R","T","?","R","M","E","$","R","B",null,"M","M","M","?","M","E","R","E","T","M","R","M","R","M","R","B","B",null,"R","$","E","B",null],"character_chosen":"DEFECT","items_purchased":["Hologram","OrangePellets","Coolheaded","Strange Spoon","Storm","PowerPotion"],"campfire_rested":0,"item_purchase_floors":[5,22,22,31,54,54],"current_hp_per_floor":[64,64,49,37,37,30,30,21,21,21,46,46,48,48,48,28,71,57,57,47,42,42,42,30,30,30,30,30,26,26,26,26,42,42,38,38,37,37,36,36,36,51,51,50,50,43,43,39,39,57,57,57,57,57,61,34],"gold":59,"neow_bonus":"BOSS_RELIC","is_prod":false,"is_daily":false,"chose_seed":false,"campfire_upgraded":11,"win_rate":0,"timestamp":1647545396,"path_taken":["M","M","M","M","$","E","R","E","T","R","E","?","M","E","R","BOSS","M","?","M","?","$","R","E","R","T","?","R","M","E","$","R","BOSS","M","M","M","?","M","E","R","E","T","M","R","M","R","M","R","BOSS","BOSS","R","$","E","BOSS"],"build_version":"2022-03-07","purchased_purges":2,"victory":true,"max_hp_per_floor":[71,71,71,71,71,71,71,71,71,71,85,85,85,85,85,85,85,85,85,85,42,42,42,42,42,42,42,42,42,42,42,42,42,42,42,42,42,42,42,42,42,57,57,57,57,57,57,57,57,57,57,57,57,57,64,64],"relic_stats":{"OrangePellets":[20],"Strange Spoon":[36],"Dream Catcher":0,"Inserter":[47],"counters":[30,175],"Pantograph":37,"Bronze Scales":[550],"Pandora\u0027s Box":["Thunder Strike","Multi-Cast","Beam Cell","Consume","FTL","Compile Driver","Barrage","Hyperbeam"],"Boot":[130],"obtain_stats":[{"Inserter":34,"Pear":42,"Mango":11,"Incense Burner":9,"Odd Mushroom":12,"Boot":14,"Cables":40,"SlaversCollar":17,"OrangePellets":22,"Strange Spoon":31,"Dream Catcher":6,"CaptainsWheel":24,"Pantograph":26,"Bronze Scales":30,"Strawberry":55,"Pandora\u0027s Box":0,"Cracked Core":0,"Meat on the Bone":8},{"Inserter":17,"Pear":23,"Mango":7,"Incense Burner":6,"Odd Mushroom":8,"Boot":10,"Cables":22,"SlaversCollar":11,"OrangePellets":13,"Strange Spoon":16,"Dream Catcher":5,"CaptainsWheel":14,"Pantograph":14,"Bronze Scales":16,"Strawberry":29,"Pandora\u0027s Box":0,"Cracked Core":0,"Meat on the Bone":6},{"Inserter":66,"Pear":104,"Mango":19,"Incense Burner":16,"Odd Mushroom":20,"Boot":29,"Cables":95,"SlaversCollar":37,"OrangePellets":44,"Strange Spoon":56,"Dream Catcher":11,"CaptainsWheel":50,"Pantograph":50,"Bronze Scales":56,"Strawberry":169,"Pandora\u0027s Box":0,"Cracked Core":0,"Meat on the Bone":16}],"Meat on the Bone":84,"Cables":[69,9,60,0,0]},"card_choices":[{"not_picked":["Compile Driver","Sunder"],"picked":"Beam Cell","floor":1},{"not_picked":["Beam Cell","Skim"],"picked":"Cold Snap","floor":2},{"not_picked":["Ball Lightning","Fusion"],"picked":"Recycle","floor":3},{"not_picked":["Conserve Battery","Double Energy"],"picked":"Cold Snap","floor":4},{"not_picked":["Double Energy","Steam Power"],"picked":"Compile Driver","floor":6},{"not_picked":["Turbo","Streamline","Steam Power"],"picked":"SKIP","floor":8},{"not_picked":["Go for the Eyes","Steam","Rebound"],"picked":"SKIP","floor":11},{"not_picked":["Genetic Algorithm","Go for the Eyes"],"picked":"Hyperbeam","floor":12},{"not_picked":["Darkness","Aggregate"],"picked":"Undo","floor":14},{"not_picked":["Thunder Strike","Amplify"],"picked":"Electrodynamics","floor":16},{"not_picked":["Heatsinks","Redo"],"picked":"White Noise","floor":18},{"not_picked":["Gash","Scrape","Rebound"],"picked":"SKIP","floor":20},{"not_picked":["Turbo","BootSequence"],"picked":"White Noise","floor":24},{"not_picked":["Conserve Battery","Gash","Coolheaded"],"picked":"SKIP","floor":29},{"not_picked":["Storm","Scrape"],"picked":"Echo Form","floor":30},{"not_picked":["Creative AI","All For One"],"picked":"Seek","floor":33},{"not_picked":["Scrape","Stack","Rebound"],"picked":"SKIP","floor":35},{"not_picked":["Steam Power","Self Repair"],"picked":"Turbo","floor":36},{"not_picked":["Stack","Conserve Battery","Compile Driver"],"picked":"SKIP","floor":37},{"not_picked":["Sweeping Beam","Gash"],"picked":"Cold Snap+1","floor":39},{"not_picked":["Redo","Stack","Steam"],"picked":"SKIP","floor":40},{"not_picked":["Reprogram","Gash"],"picked":"White Noise","floor":42},{"not_picked":["Beam Cell+1","Conserve Battery"],"picked":"Aggregate","floor":44},{"not_picked":["Barrage+1","Streamline"],"picked":"Echo Form","floor":46},{"not_picked":["Compile Driver","Static Discharge","Reprogram"],"picked":"SKIP","floor":48},{"not_picked":["Sweeping Beam","Steam+1"],"picked":"Chaos+1","floor":55}],"player_experience":6494030,"relics_obtained":[{"floor":6,"key":"Dream Catcher"},{"floor":8,"key":"Meat on the Bone"},{"floor":9,"key":"Incense Burner"},{"floor":11,"key":"Mango"},{"floor":12,"key":"Odd Mushroom"},{"floor":14,"key":"Boot"},{"floor":24,"key":"CaptainsWheel"},{"floor":26,"key":"Pantograph"},{"floor":30,"key":"Bronze Scales"},{"floor":40,"key":"Cables"},{"floor":42,"key":"Pear"},{"floor":55,"key":"Strawberry"}],"event_choices":[{"damage_healed":0,"gold_gain":0,"player_choice":"Fought Mushrooms","damage_taken":0,"max_hp_gain":0,"max_hp_loss":0,"event_name":"Mushrooms","floor":12,"gold_loss":0},{"damage_healed":0,"gold_gain":0,"cards_transformed":["Dualcast","Barrage"],"player_choice":"Became Test Subject","damage_taken":0,"max_hp_gain":0,"max_hp_loss":0,"event_name":"Drug Dealer","floor":19,"gold_loss":0,"cards_obtained":["Capacitor","Force Field"]},{"damage_healed":0,"gold_gain":0,"player_choice":"Became a Ghost","damage_taken":0,"max_hp_gain":0,"max_hp_loss":43,"event_name":"Ghosts","floor":21,"gold_loss":0,"cards_obtained":["Ghostly","Ghostly","Ghostly"]},{"cards_removed":["Zap"],"damage_healed":0,"gold_gain":0,"player_choice":"Elegance","damage_taken":0,"max_hp_gain":0,"max_hp_loss":0,"event_name":"Back to Basics","floor":27,"gold_loss":0},{"cards_removed":["Beam Cell"],"damage_healed":0,"gold_gain":0,"player_choice":"Removed Attack","damage_taken":0,"max_hp_gain":0,"max_hp_loss":0,"event_name":"Falling","floor":38,"gold_loss":0}],"is_beta":false,"boss_relics":[{"not_picked":["Fusion Hammer","Empty Cage"],"picked":"SlaversCollar"},{"not_picked":["SacredBark","Runic Pyramid"],"picked":"Inserter"}],"items_purged_floors":[5,54],"is_endless":false,"potions_floor_spawned":[2,3,6,13,14,18,24,40,42,46,48],"ascension_level":20}