{"gold_per_floor":[109,109,127,127,127,127,162,162,162,192,192,218,231,248,248,325,325,335,63,63,63,77,77,111,111,179,198,217,236,13,13,13,91,91,104,104,123,141,141,141,159,159,159,175,203,153,181,131,131,131,131,131,131,26,60,60],"floor_reached":56,"playtime":4771,"items_purged":["Strike_B","Zap","Dualcast+1","Strike_B+1","Defend_B"],"score":2186,"play_id":"138f1459-d815-4a67-9086-01961204efed","local_time":"20220324173911","is_ascension_mode":true,"campfire_choices":[{"data":"Streamline","floor":6,"key":"SMITH"},{"data":"Beam Cell","floor":8,"key":"SMITH"},{"data":"Hologram","floor":15,"key":"SMITH"},{"data":"Reprogram","floor":23,"key":"SMITH"},{"data":"Dualcast","floor":25,"key":"SMITH"},{"data":"Reinforced Body","floor":32,"key":"SMITH"},{"data":"Recycle","floor":40,"key":"SMITH"},{"data":"Coolheaded","floor":42,"key":"SMITH"},{"floor":49,"key":"RECALL"},{"data":"Turbo","floor":53,"key":"SMITH"}],"neow_cost":"NONE","seed_source_timestamp":2409998313886400,"circlet_count":0,"master_deck":["AscendersBane","Defend_B","Defend_B+1","Streamline+1","Steam","Beam Cell+1","Core Surge","Compile Driver","Hologram+1","Compile Driver","Reinforced Body+1","All For One+1","Stack+1","Gash+1","White Noise","Barrage","Reprogram+1","Hologram+1","Hologram","All For One","Turbo+1","Recycle+1","Finesse","Finesse","Bandage Up","Coolheaded+1","Rebound","Go for the Eyes"],"relics":["Cracked Core","NeowsBlessing","Symbiotic Virus","Smiling Mask","Shuriken","Coffee Dripper","Bag of Preparation","Akabeko","Mercury Hourglass","Lee\u0027s Waffle","Cursed Key","Kunai","Whetstone","Ginger"],"potions_floor_usage":[10,18,22,33,41,47,56,56],"damage_taken":[{"damage":0,"enemies":"Small Slimes","floor":1,"turns":1},{"damage":0,"enemies":"Cultist","floor":3,"turns":1},{"damage":0,"enemies":"Gremlin Nob","floor":7,"turns":1},{"damage":21,"enemies":"3 Sentries","floor":10,"turns":8},{"damage":0,"enemies":"Gremlin Nob","floor":12,"turns":3},{"damage":0,"enemies":"2 Louse","floor":13,"turns":2},{"damage":0,"enemies":"Looter","floor":14,"turns":3},{"damage":4,"enemies":"Slime Boss","floor":16,"turns":6},{"damage":0,"enemies":"Spheric Guardian","floor":18,"turns":3},{"damage":2,"enemies":"Shell Parasite","floor":22,"turns":3},{"damage":19,"enemies":"Book of Stabbing","floor":24,"turns":4},{"damage":10,"enemies":"Chosen and Byrds","floor":27,"turns":4},{"damage":0,"enemies":"Centurion and Healer","floor":28,"turns":2},{"damage":10,"enemies":"Snecko","floor":29,"turns":4},{"damage":21,"enemies":"Collector","floor":33,"turns":7},{"damage":0,"enemies":"3 Darklings","floor":35,"turns":3},{"damage":9,"enemies":"3 Shapes","floor":37,"turns":7},{"damage":0,"enemies":"3 Darklings","floor":38,"turns":4},{"damage":3,"enemies":"Maw","floor":41,"turns":5},{"damage":0,"enemies":"Jaw Worm Horde","floor":44,"turns":3},{"damage":0,"enemies":"Reptomancer","floor":45,"turns":2},{"damage":0,"enemies":"Giant Head","floor":47,"turns":5},{"damage":0,"enemies":"Awakened One","floor":50,"turns":5},{"damage":31,"enemies":"Time Eater","floor":51,"turns":10},{"damage":6,"enemies":"Shield and Spear","floor":55,"turns":5},{"damage":68,"enemies":"The Heart","floor":56,"turns":5}],"seed_played":"2948671646643777867","potions_obtained":[{"floor":3,"key":"GamblersBrew"},{"floor":7,"key":"SneckoOil"},{"floor":10,"key":"Block Potion"},{"floor":18,"key":"PowerPotion"},{"floor":28,"key":"Fire Potion"},{"floor":29,"key":"DuplicationPotion"},{"floor":33,"key":"SpeedPotion"},{"floor":38,"key":"DistilledChaos"},{"floor":41,"key":"SpeedPotion"}],"is_trial":false,"path_per_floor":["M","?","M","?","?","R","E","R","T","E","?","E","M","M","R","B",null,"M","$","?","?","M","R","E","R","T","M","M","M","$","?","R","B",null,"M","?","M","M","?","R","M","R","T","M","E","$","E","$","R","B","B",null,"R","$","E","B"],"character_chosen":"DEFECT","items_purchased":["Bag of Preparation","Gash","Lee\u0027s Waffle","Dexterity Potion"],"campfire_rested":0,"item_purchase_floors":[19,19,30,54],"current_hp_per_floor":[64,64,64,43,66,66,66,66,66,45,38,38,38,38,38,34,62,62,62,62,62,60,60,41,41,41,31,31,21,78,78,78,57,73,73,73,64,64,54,54,55,55,55,59,63,63,67,67,67,71,43,66,66,66,64,0],"gold":60,"neow_bonus":"THREE_ENEMY_KILL","is_prod":false,"is_daily":false,"chose_seed":false,"campfire_upgraded":9,"win_rate":0,"timestamp":1648157951,"path_taken":["M","?","?","?","?","R","E","R","T","E","?","E","M","M","R","BOSS","M","$","?","?","M","R","E","R","T","M","M","M","$","?","R","BOSS","M","?","M","M","?","R","M","R","T","M","E","?","E","$","R","BOSS","BOSS","R","$","E","BOSS"],"build_version":"2022-03-07","purchased_purges":5,"victory":false,"max_hp_per_floor":[71,71,71,71,71,71,71,71,71,71,71,71,71,71,71,71,71,71,71,71,71,71,71,71,71,71,71,71,71,78,78,78,78,78,78,74,74,74,74,74,74,74,74,74,74,74,74,74,74,74,74,74,74,74,74,74],"relic_stats":{"Lee\u0027s Waffle":57,"counters":[26,106],"Shuriken":[65],"Bag of Preparation":[34],"Kunai":[32],"Whetstone":["All For One","Gash"],"Ginger":[2],"Smiling Mask":375,"Cursed Key":0,"obtain_stats":[{"Lee\u0027s Waffle":30,"NeowsBlessing":0,"Bag of Preparation":19,"Whetstone":47,"Ginger":55,"Smiling Mask":10,"Cursed Key":34,"Akabeko":24,"Mercury Hourglass":26,"Shuriken":12,"Coffee Dripper":17,"Kunai":45,"Cracked Core":0,"Symbiotic Virus":7},{"Lee\u0027s Waffle":14,"NeowsBlessing":0,"Bag of Preparation":9,"Whetstone":22,"Ginger":25,"Smiling Mask":4,"Cursed Key":15,"Akabeko":11,"Mercury Hourglass":11,"Shuriken":5,"Coffee Dripper":8,"Kunai":21,"Cracked Core":0,"Symbiotic Virus":3},{"Lee\u0027s Waffle":45,"NeowsBlessing":0,"Bag of Preparation":28,"Whetstone":81,"Ginger":101,"Smiling Mask":11,"Cursed Key":52,"Akabeko":35,"Mercury Hourglass":35,"Shuriken":14,"Coffee Dripper":25,"Kunai":76,"Cracked Core":0,"Symbiotic Virus":3}],"Mercury Hourglass":[288]},"card_choices":[{"not_picked":["Barrage","Redo"],"picked":"Streamline","floor":1},{"not_picked":["Rip and Tear","Force Field"],"picked":"Beam Cell","floor":3},{"not_picked":["Self Repair","Doom and Gloom"],"picked":"Core Surge","floor":7},{"not_picked":["Stack","Auto Shields"],"picked":"Compile Driver","floor":10},{"not_picked":["Genetic Algorithm","Static Discharge"],"picked":"Hologram","floor":12},{"not_picked":["Coolheaded","Loop"],"picked":"Compile Driver","floor":13},{"not_picked":["Double Energy","Darkness"],"picked":"Reinforced Body","floor":14},{"not_picked":["Seek","Electrodynamics"],"picked":"All For One","floor":16},{"not_picked":["Leap+1","Conserve Battery"],"picked":"Stack+1","floor":18},{"not_picked":["Tempest","Recycle"],"picked":"Reprogram","floor":22},{"not_picked":["Ball Lightning+1","Recycle"],"picked":"Hologram+1","floor":24},{"not_picked":["Rip and Tear","Genetic Algorithm"],"picked":"Hologram","floor":27},{"not_picked":["Ball Lightning","Steam","Hologram"],"picked":"SKIP","floor":28},{"not_picked":["Cold Snap","Hologram","Multi-Cast"],"picked":"SKIP","floor":29},{"not_picked":["Thunder Strike","Machine Learning"],"picked":"All For One","floor":33},{"not_picked":["Sweeping Beam+1","Doom and Gloom"],"picked":"Turbo","floor":35},{"not_picked":["Stack","Reprogram"],"picked":"Recycle","floor":37},{"not_picked":["Darkness","Hello World","Sweeping Beam"],"picked":"SKIP","floor":38},{"not_picked":["Enlightenment","Metamorphosis"],"picked":"Finesse","floor":39},{"not_picked":["Enlightenment","Violence"],"picked":"Finesse","floor":39},{"not_picked":["Forethought","Dramatic Entrance"],"picked":"Bandage Up","floor":39},{"not_picked":["Undo","Go for the Eyes"],"picked":"Coolheaded","floor":41},{"not_picked":["Auto Shields","Sweeping Beam+1"],"picked":"Rebound","floor":44},{"not_picked":["Leap","Blizzard","Rebound+1"],"picked":"SKIP","floor":45},{"not_picked":["Leap","Blizzard","Rebound+1"],"picked":"SKIP","floor":45},{"not_picked":["Cold Snap","White Noise+1","Conserve Battery"],"picked":"SKIP","floor":47},{"not_picked":["Hyperbeam","Ball Lightning+1"],"picked":"Go for the Eyes","floor":55}],"player_experience":6544011,"relics_obtained":[{"floor":7,"key":"Symbiotic Virus"},{"floor":10,"key":"Smiling Mask"},{"floor":12,"key":"Shuriken"},{"floor":24,"key":"Akabeko"},{"floor":26,"key":"Mercury Hourglass"},{"floor":45,"key":"Kunai"},{"floor":47,"key":"Whetstone"},{"floor":55,"key":"Ginger"}],"event_choices":[{"damage_healed":0,"gold_gain":0,"player_choice":"1 cards matched","damage_taken":0,"max_hp_gain":0,"max_hp_loss":0,"event_name":"Match and Keep!","floor":2,"gold_loss":0,"cards_obtained":["Steam"]},{"damage_healed":0,"gold_gain":0,"player_choice":"Entered Light","damage_taken":21,"max_hp_gain":0,"max_hp_loss":0,"event_name":"Shining Light","floor":4,"gold_loss":0,"cards_upgraded":["Defend_B","Strike_B"]},{"damage_healed":23,"gold_gain":0,"player_choice":"Banana","damage_taken":0,"max_hp_gain":0,"max_hp_loss":0,"event_name":"Big Fish","floor":5,"gold_loss":0},{"cards_removed":["Strike_B"],"damage_healed":0,"gold_gain":0,"player_choice":"Card Removal","damage_taken":7,"max_hp_gain":0,"max_hp_loss":0,"event_name":"Golden Wing","floor":11,"gold_loss":0},{"damage_healed":0,"gold_gain":0,"cards_transformed":["Strike_B","Defend_B"],"player_choice":"Became Test Subject","damage_taken":0,"max_hp_gain":0,"max_hp_loss":0,"event_name":"Drug Dealer","floor":20,"gold_loss":0,"cards_obtained":["White Noise","Barrage"]},{"damage_healed":0,"gold_gain":0,"player_choice":"Ignored","damage_taken":0,"max_hp_gain":0,"max_hp_loss":0,"event_name":"Ghosts","floor":21,"gold_loss":0},{"damage_healed":0,"gold_gain":0,"player_choice":"Ignored","damage_taken":0,"max_hp_gain":0,"max_hp_loss":0,"event_name":"The Mausoleum","floor":31,"gold_loss":0},{"damage_healed":0,"gold_gain":0,"player_choice":"Max HP","damage_taken":0,"max_hp_gain":0,"max_hp_loss":4,"event_name":"Winding Halls","floor":36,"gold_loss":0},{"damage_healed":0,"gold_gain":0,"player_choice":"Memory 3","damage_taken":10,"max_hp_gain":0,"max_hp_loss":0,"event_name":"SensoryStone","floor":39,"gold_loss":0}],"is_beta":false,"boss_relics":[{"not_picked":["Black Star","Velvet Choker"],"picked":"Coffee Dripper"},{"not_picked":["Astrolabe","Philosopher\u0027s Stone"],"picked":"Cursed Key"}],"items_purged_floors":[19,30,46,48,54],"is_endless":false,"potions_floor_spawned":[3,7,10,18,28,29,33,37,38,41],"killed_by":"The Heart","ascension_level":20}