{"gold_per_floor":[115,127,139,214,233,264,283,308,335,178,212,231,34,61,61,135,135,150,75,89,89,104,137,137,171,171,198,25,45,72,92,92,166,166,182,202,202,218,245,279,193,218,218,218,218,237,270,286,286,286,286,286,286,19,48,48],"floor_reached":57,"playtime":7485,"items_purged":["Strike_B","Leap"],"score":3329,"play_id":"c01ea4c9-9d23-4647-a08c-e81c22a55432","local_time":"20220503213552","is_ascension_mode":true,"campfire_choices":[{"data":"Sweeping Beam","floor":15.0,"key":"SMITH"},{"data":"Creative AI","floor":24.0,"key":"SMITH"},{"data":"Capacitor","floor":32.0,"key":"SMITH"},{"data":"Biased Cognition","floor":44.0,"key":"SMITH"},{"floor":49.0,"key":"RECALL"},{"data":"Blizzard","floor":53.0,"key":"SMITH"}],"neow_cost":"NONE","seed_source_timestamp":0,"shop_contents":[{"floor":10,"relics":["Matryoshka","Bronze Scales"],"cards":["Streamline","Rip and Tear","Hologram","Chaos","Static Discharge","Flash of Steel","Violence"],"potions":["Block Potion","SkillPotion","Strength Potion"]},{"floor":13,"relics":["Sundial","Sling"],"cards":["Gash","Consume+1","Hologram+1","Self Repair","Bandage Up+1","Metamorphosis+1"],"potions":["LiquidMemories","GamblersBrew","Weak Potion"]},{"floor":19,"relics":["Dream Catcher","Juzu Bracelet","Lee\u0027s Waffle"],"cards":["Gash","Lockon","Aggregate+1","Fusion+1","Loop","Enlightenment+1","Thinking Ahead+1"],"potions":["Energy Potion","Regen Potion","EssenceOfDarkness"]},{"floor":28,"relics":["CeramicFish","Membership Card"],"cards":["Streamline","Go for the Eyes","Steam+1","Stack+1","Self Repair","Finesse+1","Violence+1"],"potions":["EntropicBrew","Weak Potion","PowerPotion"]},{"floor":41,"relics":["Pear","Pen Nib","HandDrill"],"cards":["Barrage","Blizzard","Auto Shields+1","Hello World","Good Instincts+1","Violence+1"],"potions":["Regen Potion","SteroidPotion","AttackPotion"]},{"floor":54,"relics":["Cables","Lantern","PrismaticShard"],"cards":["Melter","Cold Snap","Leap+1","Creative AI","Jack Of All Trades+1","Master of Strategy+1"],"potions":["ColorlessPotion","Dexterity Potion","SpeedPotion"]}],"circlet_count":0,"master_deck":["AscendersBane","Zap","Dualcast","Ball Lightning","Sweeping Beam+1","Cold Snap","Capacitor+1","Cold Snap","Coolheaded+1","Reboot+1","Self Repair","Creative AI+1","Conserve Battery+1","Compile Driver","Force Field+1","Glacier+1","Glacier+1","Fission+1","Sunder","Force Field+1","Recycle+1","Auto Shields+1","Steam Power+1","Fusion+1","Rebound","Force Field+1","Capacitor","Writhe","Blizzard+1","Biased Cognition+1","Steam Power+1","Echo Form","Compile Driver","Glacier+1","Seek+1"],"special_seed":0,"potion_use_per_floor":[[],[],[],[],[],["Fire Potion"],[],[],[],[],[],[],[],[],[],[],[],[],[],["Explosive Potion"],[],[],["Energy Potion"],[],["FocusPotion"],[],[],[],[],[],[],[],[],[],[],[],[],[],[],[],[],[],[],[],[],[],[],[],[],[],[],[],[],[],[],["SpeedPotion","LiquidBronze","PowerPotion","Weak Potion"],[]],"relics":["Cracked Core","PreservedInsect","Mummified Hand","Centennial Puzzle","Bag of Marbles","OrangePellets","Toxic Egg 2","DataDisk","Blue Candle","Runic Dome","Gremlin Horn","Blood Vial","Akabeko","Ginger","Potion Belt","Thread and Needle","Pandora\u0027s Box","Bag of Preparation","Vajra","Regal Pillow","Shovel","Happy Flower"],"potions_floor_usage":[56,56,56,56],"damage_taken":[{"damage":0.0,"enemies":"Small Slimes","floor":1.0,"turns":2.0},{"damage":1.0,"enemies":"Cultist","floor":2.0,"turns":3.0},{"damage":1.0,"enemies":"2 Louse","floor":3.0,"turns":2.0},{"damage":0.0,"enemies":"Large Slime","floor":5.0,"turns":4.0},{"damage":0.0,"enemies":"Gremlin Nob","floor":6.0,"turns":2.0},{"damage":9.0,"enemies":"3 Louse","floor":7.0,"turns":4.0},{"damage":10.0,"enemies":"3 Sentries","floor":8.0,"turns":7.0},{"damage":4.0,"enemies":"Gremlin Nob","floor":11.0,"turns":3.0},{"damage":4.0,"enemies":"Looter","floor":12.0,"turns":2.0},{"damage":2.0,"enemies":"3 Sentries","floor":14.0,"turns":4.0},{"damage":3.0,"enemies":"The Guardian","floor":16.0,"turns":11.0},{"damage":1.0,"enemies":"Shell Parasite","floor":18.0,"turns":6.0},{"damage":13.0,"enemies":"3 Byrds","floor":20.0,"turns":4.0},{"damage":2.0,"enemies":"Snecko","floor":22.0,"turns":6.0},{"damage":17.0,"enemies":"Slavers","floor":23.0,"turns":5.0},{"damage":1.0,"enemies":"Book of Stabbing","floor":25.0,"turns":4.0},{"damage":2.0,"enemies":"Gremlin Leader","floor":27.0,"turns":5.0},{"damage":0.0,"enemies":"Chosen and Byrds","floor":29.0,"turns":6.0},{"damage":4.0,"enemies":"Slavers","floor":30.0,"turns":3.0},{"damage":5.0,"enemies":"Centurion and Healer","floor":31.0,"turns":9.0},{"damage":31.0,"enemies":"Automaton","floor":33.0,"turns":15.0},{"damage":0.0,"enemies":"Orb Walker","floor":35.0,"turns":5.0},{"damage":0.0,"enemies":"3 Shapes","floor":36.0,"turns":6.0},{"damage":8.0,"enemies":"Sphere and 2 Shapes","floor":38.0,"turns":3.0},{"damage":1.0,"enemies":"Nemesis","floor":40.0,"turns":7.0},{"damage":1.0,"enemies":"Giant Head","floor":42.0,"turns":8.0},{"damage":1.0,"enemies":"Transient","floor":46.0,"turns":6.0},{"damage":1.0,"enemies":"Reptomancer","floor":47.0,"turns":4.0},{"damage":1.0,"enemies":"3 Darklings","floor":48.0,"turns":2.0},{"damage":5.0,"enemies":"Awakened One","floor":50.0,"turns":19.0},{"damage":1.0,"enemies":"Time Eater","floor":51.0,"turns":7.0},{"damage":1,"enemies":"Shield and Spear","floor":55,"turns":5},{"damage":22,"enemies":"The Heart","floor":56,"turns":8}],"seed_played":"-5124891894895753441","neow_bonus_log":{"cardsObtained":[],"cardsUpgraded":[],"cardsRemoved":[],"cardsTransformed":[],"relicsObtained":["PreservedInsect"],"maxHpGained":0,"goldGained":0,"damageTaken":0,"goldLost":0,"maxHpLost":0},"potions_obtained":[{"floor":2.0,"key":"Fire Potion"},{"floor":5.0,"key":"ColorlessPotion"},{"floor":8.0,"key":"FearPotion"},{"floor":11.0,"key":"Explosive Potion"},{"floor":12.0,"key":"FocusPotion"},{"floor":20.0,"key":"Energy Potion"},{"floor":33.0,"key":"Dexterity Potion"},{"floor":38.0,"key":"Weak Potion"},{"floor":40.0,"key":"SkillPotion"},{"floor":42.0,"key":"SpeedPotion"},{"floor":47.0,"key":"PowerPotion"},{"floor":55,"key":"LiquidBronze"}],"is_trial":false,"path_per_floor":["M","M","M","?","M","E","M","E","T","$","E","M","$","E","R","B",null,"M","$","M","?","M","E","R","E","T","E","$","M","E","M","R","B",null,"M","M","?","M","T","E","$","E","T","R","?","M","E","M","R","B","B",null,"R","$","E","B",null],"character_chosen":"DEFECT","items_purchased":["OrangePellets","Cold Snap","DataDisk","Potion Belt","Steam Power+1","Seek+1"],"campfire_rested":0,"item_purchase_floors":[10,13,13,28,41,54],"current_hp_per_floor":[64,63,62,51,51,51,42,32,32,32,28,24,24,22,22,19,58,57,57,51,51,56,46,46,52,52,59,59,68,71,71,71,47,65,71,71,71,70,70,71,71,71,71,71,71,71,71,71,71,66,71,71,71,71,71,56],"gold":48,"neow_bonus":"RANDOM_COMMON_RELIC","is_prod":false,"is_daily":false,"rewards_skipped":[{"floor":16,"relics":[],"potions":["LiquidBronze"]},{"floor":18,"relics":[],"potions":["GamblersBrew"]}],"chose_seed":false,"campfire_upgraded":5,"win_rate":0,"floor_exit_playtime":[143,192,212,234,411,516,568,727,732,774,930,970,1010,1156,1165,1506,1865,2002,2102,2248,2271,2452,2641,2653,2903,2906,3053,3150,3270,3346,3499,3510,3917,4041,4156,4265,4274,4428,4439,4743,4865,5043,5046,5053,5056,5665,5867,5954,5958,6339,6456,6471,6480,6765,7062,7485],"timestamp":1651628152,"blue_key_relic_skipped_log":{"floor":43,"relicID":"Symbiotic Virus"},"path_taken":["M","?","M","?","M","E","M","E","T","$","E","M","$","E","R","BOSS","M","$","?","?","M","E","R","E","T","E","$","M","E","M","R","BOSS","M","M","?","M","?","E","$","E","T","R","?","?","E","M","R","BOSS","BOSS","R","$","E","BOSS"],"build_version":"2022-03-07","purchased_purges":2,"victory":true,"max_hp_per_floor":[71,71,71,71,71,71,71,71,71,71,71,71,71,71,71,71,71,71,71,71,71,71,71,71,71,71,71,71,71,71,71,71,71,71,71,71,71,71,71,71,71,71,71,71,71,71,71,71,71,71,71,71,71,71,71,71],"relic_stats":{"Regal Pillow":0,"Gremlin Horn":[23,23],"Happy Flower":[2],"counters":[33,187],"Blue Candle":[11],"PreservedInsect":601,"Bag of Preparation":[18],"Ginger":[14],"Blood Vial":11,"OrangePellets":[25],"Centennial Puzzle":[69],"Shovel":0,"Mummified Hand":[212],"Pandora\u0027s Box":["Sunder","Force Field","Recycle","Auto Shields","Steam Power","Fusion","Rebound"],"obtain_stats":[{"Potion Belt":28,"Regal Pillow":42,"Gremlin Horn":23,"Happy Flower":55,"Blue Candle":14,"Vajra":40,"Thread and Needle":30,"PreservedInsect":0,"Bag of Preparation":39,"Ginger":27,"Akabeko":26,"Blood Vial":25,"OrangePellets":10,"Runic Dome":17,"Centennial Puzzle":8,"DataDisk":13,"Shovel":47,"Mummified Hand":6,"Pandora\u0027s Box":34,"Bag of Marbles":9,"Toxic Egg 2":11,"Cracked Core":0},{"Potion Belt":17,"Regal Pillow":26,"Gremlin Horn":15,"Happy Flower":32,"Blue Candle":10,"Vajra":25,"Thread and Needle":19,"PreservedInsect":0,"Bag of Preparation":24,"Ginger":17,"Akabeko":16,"Blood Vial":16,"OrangePellets":7,"Runic Dome":11,"Centennial Puzzle":7,"DataDisk":9,"Shovel":28,"Mummified Hand":5,"Pandora\u0027s Box":21,"Bag of Marbles":7,"Toxic Egg 2":8,"Cracked Core":0},{"Potion Belt":74,"Regal Pillow":136,"Gremlin Horn":65,"Happy Flower":179,"Blue Candle":33,"Vajra":128,"Thread and Needle":83,"PreservedInsect":0,"Bag of Preparation":121,"Ginger":74,"Akabeko":69,"Blood Vial":69,"OrangePellets":24,"Runic Dome":44,"Centennial Puzzle":24,"DataDisk":29,"Shovel":146,"Mummified Hand":13,"Pandora\u0027s Box":107,"Bag of Marbles":24,"Toxic Egg 2":27,"Cracked Core":0}]},"card_choices":[{"not_picked":["Leap","Force Field"],"picked":"Ball Lightning","floor":1.0},{"not_picked":["Compile Driver","Static Discharge"],"picked":"Sweeping Beam","floor":2.0},{"not_picked":["Leap","Darkness"],"picked":"Cold Snap","floor":3.0},{"not_picked":["Barrage","Reprogram","Beam Cell"],"picked":"SKIP","floor":5.0},{"not_picked":["Redo","Beam Cell","Reboot"],"picked":"SKIP","floor":6.0},{"not_picked":["Turbo","Stack"],"picked":"Leap","floor":7.0},{"not_picked":["Tempest","Go for the Eyes","Ball Lightning"],"picked":"SKIP","floor":8.0},{"not_picked":["Tempest","Go for the Eyes","Ball Lightning"],"picked":"SKIP","floor":8.0},{"not_picked":["Rip and Tear","Meteor Strike","Storm"],"picked":"SKIP","floor":11.0},{"not_picked":["Go for the Eyes","Turbo+1"],"picked":"Capacitor","floor":12.0},{"not_picked":["Conserve Battery+1","Storm"],"picked":"Coolheaded+1","floor":14.0},{"not_picked":["Core Surge","Machine Learning"],"picked":"Reboot+1","floor":16.0},{"not_picked":["Turbo+1","Rebound"],"picked":"Self Repair","floor":18.0},{"not_picked":["Reprogram+1","Cold Snap","Melter"],"picked":"SKIP","floor":20.0},{"not_picked":["Steam Power+1","Conserve Battery+1","Go for the Eyes","Core Surge","Fusion+1","Melter","Compile Driver","Steam+1","Force Field+1","Gash","Hologram+1","Cold Snap","Leap+1","Stack+1","Capacitor","Rebound","Ball Lightning","Static Discharge","Heatsinks"],"picked":"Creative AI","floor":21.0},{"not_picked":["Fusion+1","Go for the Eyes"],"picked":"Conserve Battery+1","floor":22.0},{"not_picked":["Streamline","Gash"],"picked":"Compile Driver","floor":23.0},{"not_picked":["Ball Lightning","Redo+1","Cold Snap"],"picked":"SKIP","floor":25.0},{"not_picked":["Ball Lightning","Redo+1","Cold Snap"],"picked":"SKIP","floor":25.0},{"not_picked":["Doom and Gloom","Core Surge"],"picked":"Force Field+1","floor":27.0},{"not_picked":["Steam+1","Aggregate+1"],"picked":"Glacier+1","floor":29.0},{"not_picked":["Self Repair","Sweeping Beam","Melter"],"picked":"SKIP","floor":30.0},{"not_picked":["Fusion+1","White Noise+1"],"picked":"Glacier+1","floor":31.0},{"not_picked":["Buffer","Thunder Strike"],"picked":"Fission+1","floor":33.0},{"not_picked":["BootSequence+1","Leap+1"],"picked":"Force Field+1","floor":35.0},{"not_picked":["Recycle+1","Leap+1"],"picked":"Capacitor","floor":36.0},{"not_picked":["Aggregate+1","Chaos+1"],"picked":"Blizzard","floor":38.0},{"not_picked":["Stack+1","Steam+1"],"picked":"Biased Cognition","floor":40.0},{"not_picked":["Compile Driver","Sunder"],"picked":"Echo Form","floor":42.0},{"not_picked":["Rip and Tear","Sunder"],"picked":"Compile Driver","floor":46.0},{"not_picked":["Reprogram+1","Amplify+1"],"picked":"Glacier+1","floor":47.0},{"not_picked":["Hello World+1","Steam+1","Cold Snap"],"picked":"SKIP","floor":48.0},{"not_picked":["Tempest+1","Sweeping Beam","FTL"],"picked":"SKIP","floor":55}],"player_experience":12784378,"relics_obtained":[{"floor":6.0,"key":"Mummified Hand"},{"floor":8.0,"key":"Centennial Puzzle"},{"floor":9.0,"key":"Bag of Marbles"},{"floor":11.0,"key":"Toxic Egg 2"},{"floor":14.0,"key":"Blue Candle"},{"floor":23.0,"key":"Gremlin Horn"},{"floor":25.0,"key":"Blood Vial"},{"floor":26.0,"key":"Akabeko"},{"floor":27.0,"key":"Ginger"},{"floor":30.0,"key":"Thread and Needle"},{"floor":39.0,"key":"Bag of Preparation"},{"floor":40.0,"key":"Vajra"},{"floor":42.0,"key":"Regal Pillow"},{"floor":47.0,"key":"Shovel"},{"floor":55,"key":"Happy Flower"}],"event_choices":[{"damage_healed":0.0,"max_hp_gain":0.0,"max_hp_loss":0.0,"gold_gain":75.0,"event_name":"World of Goop","player_choice":"Gather Gold","floor":4.0,"gold_loss":0.0,"damage_taken":11.0},{"damage_healed":0.0,"max_hp_gain":0.0,"max_hp_loss":0.0,"gold_gain":0.0,"event_name":"The Library","player_choice":"Read","floor":21.0,"gold_loss":0.0,"damage_taken":0.0,"cards_obtained":["Creative AI"]},{"damage_healed":14.0,"max_hp_gain":0.0,"max_hp_loss":0.0,"gold_gain":0.0,"event_name":"Winding Halls","player_choice":"Writhe","floor":37.0,"gold_loss":0.0,"damage_taken":0.0,"cards_obtained":["Writhe"]},{"damage_healed":0.0,"max_hp_gain":0.0,"max_hp_loss":0.0,"gold_gain":0.0,"event_name":"Tomb of Lord Red Mask","player_choice":"Ignored","floor":45.0,"gold_loss":0.0,"damage_taken":0.0}],"is_beta":false,"boss_relics":[{"not_picked":["FrozenCore","Black Star"],"picked":"Runic Dome"},{"not_picked":["SlaversCollar","Fusion Hammer"],"picked":"Pandora\u0027s Box"}],"items_purged_floors":[19,54],"is_endless":false,"potions_floor_spawned":[2,5,8,11,12,16,18,20,33,38,40,42,47,55],"ascension_level":20}