{"gold_per_floor":[117,167,185,200,212,212,240,240,240,271,421,421,421,232,232,304,304,320,320,42,53,53,53,53],"floor_reached":24,"playtime":2417,"items_purged":["Doubt"],"score":494,"play_id":"a5f96644-770a-4dca-bcfe-b6ad5b88b482","local_time":"20220502160613","is_ascension_mode":true,"campfire_choices":[{"data":"Barrage","floor":6.0,"key":"SMITH"},{"floor":8.0,"key":"REST"},{"data":"Doom and Gloom","floor":13.0,"key":"SMITH"},{"data":"Sweeping Beam","floor":15.0,"key":"SMITH"},{"data":"Seek","floor":23.0,"key":"SMITH"}],"neow_cost":"NONE","seed_source_timestamp":913442405052100,"shop_contents":[{"floor":14,"relics":["Lizard Tail","Ancient Tea Set","Cauldron"],"cards":["Streamline","Steam","Stack","Hello World","Swift Strike","Violence"],"potions":["SneckoOil","AttackPotion"]},{"floor":20,"relics":["Omamori","HandDrill"],"cards":["FTL","Blizzard","Steam","Rainbow","Electrodynamics","Enlightenment","Transmutation"],"potions":["Ancient Potion","FearPotion","SteroidPotion"]}],"circlet_count":0,"master_deck":["AscendersBane","Defend_B","Defend_B","Defend_B","Defend_B","Zap","Dualcast","Trip","Leap","Sweeping Beam+1","Cold Snap","Barrage+1","Auto Shields","Doom and Gloom+1","Undo","Compile Driver","Seek+1","Sunder+1","Compile Driver+1","Melter+1","Steam+1","White Noise+1","Ghostly","Ghostly","Ghostly"],"special_seed":0,"potion_use_per_floor":[[],[],[],[],[],[],[],[],[],["Dexterity Potion"],[],[],[],[],[],["LiquidBronze"],[],["Swift Potion"],[],[],[],[],[],[]],"relics":["Cracked Core","Dream Catcher","Incense Burner","Gremlin Horn","Astrolabe","Bottled Lightning"],"potions_floor_usage":[],"damage_taken":[{"damage":0.0,"enemies":"2 Louse","floor":1.0,"turns":2.0},{"damage":0.0,"enemies":"Cultist","floor":3.0,"turns":3.0},{"damage":3.0,"enemies":"Jaw Worm","floor":4.0,"turns":3.0},{"damage":13.0,"enemies":"Blue Slaver","floor":5.0,"turns":3.0},{"damage":35.0,"enemies":"Gremlin Nob","floor":7.0,"turns":4.0},{"damage":0.0,"enemies":"Lagavulin","floor":10.0,"turns":7.0},{"damage":25.0,"enemies":"Hexaghost","floor":16.0,"turns":8.0},{"damage":10.0,"enemies":"2 Thieves","floor":18.0,"turns":3.0},{"damage":0.0,"enemies":"Spheric Guardian","floor":21.0,"turns":3.0},{"damage":10,"enemies":"Book of Stabbing","floor":24,"turns":6}],"seed_played":"4197309744855231857","neow_bonus_log":{"cardsObtained":[],"cardsUpgraded":[],"cardsRemoved":[],"cardsTransformed":[],"relicsObtained":[],"maxHpGained":0,"goldGained":0,"damageTaken":0,"goldLost":0,"maxHpLost":0},"potions_obtained":[{"floor":1.0,"key":"LiquidBronze"},{"floor":4.0,"key":"Dexterity Potion"},{"floor":16.0,"key":"Swift Potion"}],"is_trial":false,"path_per_floor":["M","?","M","M","M","R","E","R","T","E","?","?","R","$","R","B",null,"M","?","$","M","?","R","E"],"character_chosen":"DEFECT","items_purchased":["Compile Driver","Weak Potion","Bottled Lightning"],"campfire_rested":1,"item_purchase_floors":[14,14,20],"current_hp_per_floor":[64,64,64,61,48,48,13,34,34,34,34,39,39,39,39,14,61,51,51,51,51,38,38,28],"gold":53,"neow_bonus":"RANDOM_COLORLESS","is_prod":false,"is_daily":false,"rewards_skipped":[],"chose_seed":false,"campfire_upgraded":4,"win_rate":0,"floor_exit_playtime":[243,249,291,338,531,539,788,794,798,1067,1118,1134,1145,1305,1316,1435,1662,1793,1820,1907,2070,2170,2315],"timestamp":1651521973,"path_taken":["M","?","M","M","M","R","E","R","T","E","?","?","R","$","R","BOSS","M","?","$","M","?","R","E"],"build_version":"2022-03-07","purchased_purges":1,"victory":false,"max_hp_per_floor":[71,71,71,71,71,71,71,71,71,71,71,76,76,76,76,76,76,76,76,76,76,38,38,38],"relic_stats":{"Dream Catcher":1,"Gremlin Horn":[1,1],"counters":[10,42],"Astrolabe":["Sunder","Compile Driver","Melter"],"Bottled Lightning":"Seek","obtain_stats":[{"Dream Catcher":7,"Gremlin Horn":10,"Astrolabe":17,"Incense Burner":9,"Bottled Lightning":20,"Cracked Core":0},{"Dream Catcher":5,"Gremlin Horn":6,"Astrolabe":7,"Incense Burner":5,"Bottled Lightning":8,"Cracked Core":0},{"Dream Catcher":15,"Gremlin Horn":22,"Astrolabe":30,"Incense Burner":15,"Bottled Lightning":33,"Cracked Core":0}]},"card_choices":[{"not_picked":["Mind Blast","Jack Of All Trades"],"picked":"Trip","floor":0.0},{"not_picked":["White Noise","Stack"],"picked":"Leap","floor":1.0},{"not_picked":["Leap","Redo"],"picked":"Sweeping Beam","floor":3.0},{"not_picked":["Fission","Go for the Eyes"],"picked":"Cold Snap","floor":4.0},{"not_picked":["Leap","Storm"],"picked":"Barrage","floor":5.0},{"not_picked":["Steam","Redo"],"picked":"Auto Shields","floor":7.0},{"not_picked":["Turbo","Storm"],"picked":"Doom and Gloom","floor":8.0},{"not_picked":["Leap","Conserve Battery"],"picked":"Undo","floor":10.0},{"not_picked":["Multi-Cast","Thunder Strike"],"picked":"Seek","floor":16.0},{"not_picked":["Beam Cell","Auto Shields"],"picked":"Steam+1","floor":18.0},{"not_picked":["Rebound","Cold Snap+1"],"picked":"White Noise+1","floor":21.0}],"player_experience":12766167,"relics_obtained":[{"floor":7.0,"key":"Dream Catcher"},{"floor":9.0,"key":"Incense Burner"},{"floor":10.0,"key":"Gremlin Horn"}],"event_choices":[{"damage_healed":0.0,"max_hp_gain":0.0,"max_hp_loss":0.0,"gold_gain":50.0,"event_name":"Golden Shrine","player_choice":"Pray","floor":2.0,"gold_loss":0.0,"damage_taken":0.0},{"damage_healed":0.0,"max_hp_gain":0.0,"max_hp_loss":0.0,"gold_gain":150.0,"event_name":"Liars Game","player_choice":"AGREE","floor":11.0,"gold_loss":0.0,"damage_taken":0.0,"cards_obtained":["Doubt"]},{"damage_healed":0.0,"max_hp_gain":5.0,"max_hp_loss":0.0,"gold_gain":0.0,"event_name":"Big Fish","player_choice":"Donut","floor":12.0,"gold_loss":0.0,"damage_taken":0.0},{"cards_removed":["Strike_B"],"damage_healed":0.0,"max_hp_gain":0.0,"max_hp_loss":0.0,"gold_gain":0.0,"event_name":"Wheel of Change","player_choice":"Card Removal","floor":19.0,"gold_loss":0.0,"damage_taken":0.0},{"damage_healed":0.0,"max_hp_gain":0.0,"max_hp_loss":38.0,"gold_gain":0.0,"event_name":"Ghosts","player_choice":"Became a Ghost","floor":22.0,"gold_loss":0.0,"damage_taken":0.0,"cards_obtained":["Ghostly","Ghostly","Ghostly"]}],"is_beta":false,"boss_relics":[{"not_picked":["Ectoplasm","Fusion Hammer"],"picked":"Astrolabe"}],"items_purged_floors":[14],"is_endless":false,"potions_floor_spawned":[1,4,16,24],"killed_by":"Book of Stabbing","ascension_level":20,"potion_discard_per_floor":[[],[],[],[],[],[],[],[],[],[],[],[],[],[],[],[],[],[],[],[],[],[],[],[]]}