{"gold_per_floor":[111,128,141,160,178,178,213,213,213,213,244,258,19,44,44,119,119,138,154,79,98,109,109,135,135,135,164,175,175,175,208,208,279,579,595,609,629,1628,1628,1628,1653,1663,1737,1196,1214,1228,561,587,587,587,587,587,587,6,39,39],"floor_reached":57,"playtime":8623,"items_purged":["Strike_B","Beam Cell","Cold Snap"],"score":3013,"play_id":"68732316-acb9-4973-a323-553fd36240da","local_time":"20220430145458","is_ascension_mode":true,"campfire_choices":[{"data":"Zap","floor":6,"key":"SMITH"},{"data":"Beam Cell","floor":8,"key":"SMITH"},{"floor":10,"key":"REST"},{"data":"Sunder","floor":15,"key":"SMITH"},{"data":"Electrodynamics","floor":23,"key":"SMITH"},{"data":"Heatsinks","floor":25,"key":"SMITH"},{"data":"Defragment","floor":29,"key":"SMITH"},{"data":"Buffer","floor":32,"key":"SMITH"},{"data":"Capacitor","floor":40,"key":"SMITH"},{"floor":49,"key":"RECALL"},{"data":"Biased Cognition","floor":53,"key":"SMITH"}],"neow_cost":"TEN_PERCENT_HP_LOSS","seed_source_timestamp":2162550054437100,"shop_contents":[{"floor":13,"relics":["Dream Catcher","Orrery"],"cards":["FTL","Blizzard","Coolheaded","Consume","Static Discharge","PanicButton","Violence"],"potions":["Explosive Potion","PowerPotion","ColorlessPotion"]},{"floor":44,"relics":["Boot","Singing Bowl"],"cards":["Barrage","Ball Lightning","Redo","Self Repair","Violence"],"potions":["SmokeBomb","EssenceOfSteel","Ancient Potion"]},{"floor":47,"relics":[],"cards":["Beam Cell","Barrage","Stack","Leap","Loop","Forethought","Thinking Ahead"],"potions":["Strength Potion","Block Potion","Block Potion"]},{"floor":54,"relics":["Bag of Marbles"],"cards":["Scrape","Gash","Flash of Steel"],"potions":["ColorlessPotion"]}],"circlet_count":0,"master_deck":["AscendersBane","Zap+1","Violence","Conserve Battery+1","Compile Driver","Cold Snap","Hologram+1","Beam Cell+1","Machine Learning","Sunder+1","Leap+1","Biased Cognition+1","Tempest+1","Fission+1","Recycle+1","Ball Lightning","Capacitor+1","Cold Snap+1","Heatsinks+1","Electrodynamics+1","Buffer+1","Turbo+1","Conserve Battery+1","Core Surge","Defragment+1","Fission+1","Echo Form","Force Field+1","Storm","Cold Snap+1","Seek+1","Panacea+1","Redo+1","Reboot+1","Headbutt+1","Heatsinks","Glacier+1","Hologram+1","Panache","Dual Wield+1"],"potion_use_per_floor":[[],[],[],[],["SpeedPotion"],[],[],[],[],[],["Swift Potion","Swift Potion"],[],[],[],[],[],[],[],[],[],[],[],[],["ColorlessPotion"],[],[],[],[],[],[],[],[],["Regen Potion"],[],[],[],[],[],[],[],["LiquidMemories"],[],[],[],[],[],[],[],[],["GamblersBrew"],[],[],[],[],[],["GamblersBrew","LiquidMemories"],[]],"relics":["Cracked Core","Lantern","Letter Opener","Art of War","Anchor","Toxic Egg 2","Pandora\u0027s Box","War Paint","Symbiotic Virus","Omamori","PreservedInsect","Blood Vial","Calling Bell","Strawberry","Molten Egg 2","Old Coin","Bottled Lightning","Lee\u0027s Waffle","Gambling Chip","Oddly Smooth Stone","PrismaticShard","Bottled Flame","Membership Card","Bronze Scales","Sundial"],"potions_floor_usage":[5,11,11,24,33,41,50,56,56],"damage_taken":[{"damage":15,"enemies":"2 Louse","floor":1,"turns":2},{"damage":0,"enemies":"Cultist","floor":2,"turns":3},{"damage":0,"enemies":"Jaw Worm","floor":3,"turns":4},{"damage":6,"enemies":"Looter","floor":4,"turns":3},{"damage":8,"enemies":"Lots of Slimes","floor":5,"turns":5},{"damage":6,"enemies":"3 Sentries","floor":7,"turns":11},{"damage":0,"enemies":"Gremlin Nob","floor":11,"turns":3},{"damage":2,"enemies":"Exordium Thugs","floor":12,"turns":3},{"damage":1,"enemies":"3 Sentries","floor":14,"turns":6},{"damage":9,"enemies":"The Guardian","floor":16,"turns":10},{"damage":6,"enemies":"Spheric Guardian","floor":18,"turns":3},{"damage":0,"enemies":"Chosen","floor":19,"turns":2},{"damage":0,"enemies":"Snake Plant","floor":21,"turns":2},{"damage":0,"enemies":"Shelled Parasite and Fungi","floor":22,"turns":1},{"damage":10,"enemies":"Book of Stabbing","floor":24,"turns":3},{"damage":9,"enemies":"Slavers","floor":27,"turns":2},{"damage":0,"enemies":"3 Cultists","floor":28,"turns":2},{"damage":11,"enemies":"Gremlin Leader","floor":31,"turns":3},{"damage":14,"enemies":"Collector","floor":33,"turns":6},{"damage":0,"enemies":"3 Darklings","floor":35,"turns":3},{"damage":0,"enemies":"3 Shapes","floor":36,"turns":1},{"damage":21,"enemies":"Maw","floor":37,"turns":3},{"damage":0,"enemies":"Nemesis","floor":41,"turns":1},{"damage":0,"enemies":"4 Shapes","floor":42,"turns":2},{"damage":0,"enemies":"Spire Growth","floor":45,"turns":5},{"damage":0,"enemies":"Maw","floor":46,"turns":1},{"damage":4,"enemies":"Reptomancer","floor":48,"turns":3},{"damage":51,"enemies":"Awakened One","floor":50,"turns":25},{"damage":1,"enemies":"Time Eater","floor":51,"turns":11},{"damage":0,"enemies":"Shield and Spear","floor":55,"turns":1},{"damage":30,"enemies":"The Heart","floor":56,"turns":7}],"seed_played":"-1474653284316837222","neow_bonus_log":{"cardsObtained":[],"cardsUpgraded":[],"cardsRemoved":[],"cardsTransformed":[],"relicsObtained":[],"maxHpGained":0,"goldGained":0,"damageTaken":0,"goldLost":0,"maxHpLost":7},"potions_obtained":[{"floor":2,"key":"Swift Potion"},{"floor":4,"key":"SpeedPotion"},{"floor":5,"key":"Swift Potion"},{"floor":12,"key":"PotionOfCapacity"},{"floor":22,"key":"ColorlessPotion"},{"floor":27,"key":"Fire Potion"},{"floor":28,"key":"Regen Potion"},{"floor":31,"key":"LiquidMemories"},{"floor":33,"key":"Strength Potion"},{"floor":35,"key":"Ancient Potion"},{"floor":37,"key":"GamblersBrew"},{"floor":46,"key":"FearPotion"}],"is_trial":false,"path_per_floor":["M","M","M","M","M","R","E","R","T","R","E","M","$","E","R","B",null,"M","M","?","M","M","R","E","R","T","E","M","R","T","E","R","B",null,"M","M","M","?","?","R","E","M","T","$","M","M","$","E","R","B","B",null,"R","$","E","B",null],"character_chosen":"DEFECT","items_purchased":["Anchor","Seek+1","Panacea+1","Lee\u0027s Waffle","Gambling Chip","Oddly Smooth Stone","PrismaticShard","Membership Card","Heatsinks","Glacier+1","Hologram+1","Bronze Scales","GamblersBrew","LiquidMemories","Panache"],"campfire_rested":1,"item_purchase_floors":[13,44,44,44,47,47,47,54,54,54,54,54,54,54,54],"current_hp_per_floor":[49,49,49,43,35,35,29,29,29,48,48,46,46,45,45,36,57,51,51,51,51,51,51,41,41,41,32,32,32,32,21,21,24,61,63,65,46,46,46,46,48,50,50,78,78,78,78,74,74,25,26,65,65,65,67,39],"gold":39,"neow_bonus":"RANDOM_COLORLESS_2","is_prod":false,"is_daily":false,"rewards_skipped":[{"floor":36,"relics":[],"potions":["SteroidPotion"]}],"chose_seed":false,"campfire_upgraded":9,"win_rate":0,"floor_exit_playtime":[856,927,1182,1274,1730,1740,1931,1970,2027,2047,2315,2482,2627,2820,2846,3035,3335,3401,3472,3628,3747,3803,3880,4314,4358,4395,4521,4619,4647,4655,4799,4807,5014,5168,5300,5425,5588,5699,5735,5762,5822,5857,5866,5960,6075,6169,6279,6414,6419,7231,7614,7634,7646,7706,7834,8623],"timestamp":1651344898,"blue_key_relic_skipped_log":{"floor":43,"relicID":"Blue Candle"},"path_taken":["M","M","M","M","M","R","E","R","T","R","E","M","$","E","R","BOSS","M","M","?","?","M","R","E","R","T","E","M","R","?","E","R","BOSS","M","?","M","?","?","R","E","?","T","$","M","M","$","E","R","BOSS","BOSS","R","$","E","BOSS"],"build_version":"2022-03-07","purchased_purges":3,"victory":true,"max_hp_per_floor":[64,64,64,64,64,64,64,64,64,64,64,64,64,64,64,64,64,64,64,64,64,64,64,64,64,64,64,64,64,64,64,64,64,71,71,71,71,71,71,71,71,71,71,78,78,78,78,78,78,78,78,78,78,78,78,78],"relic_stats":{"Lee\u0027s Waffle":28,"counters":[31,137],"PreservedInsect":236,"Omamori":2,"Letter Opener":[502],"War Paint":["Conserve Battery","Hologram"],"Blood Vial":20,"Bottled Flame":"Core Surge","Sundial":[2],"Gambling Chip":[17],"Bronze Scales":[96],"Pandora\u0027s Box":["Tempest","Fission","Recycle","Ball Lightning","Beam Cell","Streamline","Capacitor"],"Art of War":[13],"Bottled Lightning":"Violence","Membership Card":409,"obtain_stats":[{"Lantern":7,"PrismaticShard":47,"Old Coin":34,"Blood Vial":31,"Sundial":55,"Strawberry":34,"Gambling Chip":47,"Toxic Egg 2":14,"Cracked Core":0,"Lee\u0027s Waffle":44,"Oddly Smooth Stone":47,"PreservedInsect":30,"Omamori":27,"Letter Opener":9,"War Paint":24,"Calling Bell":34,"Anchor":13,"Bottled Flame":48,"Bronze Scales":54,"Pandora\u0027s Box":17,"Molten Egg 2":34,"Art of War":11,"Bottled Lightning":41,"Membership Card":54,"Symbiotic Virus":26},{"Lantern":6,"PrismaticShard":26,"Old Coin":19,"Blood Vial":18,"Sundial":30,"Strawberry":19,"Gambling Chip":26,"Toxic Egg 2":9,"Cracked Core":0,"Lee\u0027s Waffle":24,"Oddly Smooth Stone":26,"PreservedInsect":17,"Omamori":16,"Letter Opener":6,"War Paint":15,"Calling Bell":19,"Anchor":8,"Bottled Flame":27,"Bronze Scales":29,"Pandora\u0027s Box":10,"Molten Egg 2":19,"Art of War":7,"Bottled Lightning":23,"Membership Card":29,"Symbiotic Virus":15},{"Lantern":28,"PrismaticShard":90,"Old Coin":74,"Blood Vial":68,"Sundial":130,"Strawberry":74,"Gambling Chip":90,"Toxic Egg 2":40,"Cracked Core":0,"Lee\u0027s Waffle":84,"Oddly Smooth Stone":90,"PreservedInsect":65,"Omamori":63,"Letter Opener":28,"War Paint":61,"Calling Bell":74,"Anchor":34,"Bottled Flame":93,"Bronze Scales":129,"Pandora\u0027s Box":50,"Molten Egg 2":74,"Art of War":31,"Bottled Lightning":82,"Membership Card":129,"Symbiotic Virus":61}]},"card_choices":[{"not_picked":["Secret Technique","Magnetism"],"picked":"Violence","floor":0},{"not_picked":["Heatsinks","Reinforced Body"],"picked":"Cold Snap","floor":1},{"not_picked":["Coolheaded","Redo"],"picked":"Conserve Battery","floor":2},{"not_picked":["Capacitor","BootSequence"],"picked":"Compile Driver","floor":3},{"not_picked":["Force Field","Stack"],"picked":"Cold Snap","floor":4},{"not_picked":["Self Repair","Redo"],"picked":"Hologram","floor":5},{"not_picked":["Turbo","Force Field"],"picked":"Beam Cell","floor":7},{"not_picked":["FTL","Fusion"],"picked":"Machine Learning","floor":11},{"not_picked":["Compile Driver","Streamline"],"picked":"Sunder","floor":12},{"not_picked":["Creative AI","BootSequence+1"],"picked":"Leap+1","floor":14},{"not_picked":["Creative AI","Machine Learning"],"picked":"Biased Cognition","floor":16},{"not_picked":["Rebound","Doom and Gloom"],"picked":"Cold Snap+1","floor":18},{"not_picked":["Static Discharge","Recycle+1"],"picked":"Heatsinks","floor":19},{"not_picked":["Sweeping Beam","Lockon"],"picked":"Turbo+1","floor":21},{"not_picked":["Rip and Tear","Redo+1"],"picked":"Conserve Battery+1","floor":22},{"not_picked":["Reprogram+1","Barrage","Fusion+1"],"picked":"SKIP","floor":24},{"not_picked":["Conserve Battery+1","Compile Driver"],"picked":"Core Surge","floor":27},{"not_picked":["Loop","Beam Cell"],"picked":"Defragment","floor":28},{"not_picked":["Static Discharge","Beam Cell+1","Gash"],"picked":"SKIP","floor":31},{"not_picked":["Rainbow+1","Reboot+1"],"picked":"Fission+1","floor":33},{"not_picked":["Hologram+1","Redo+1"],"picked":"Echo Form","floor":35},{"not_picked":["White Noise+1","Consume+1"],"picked":"Force Field+1","floor":36},{"not_picked":["Coolheaded+1","Stack+1"],"picked":"Storm","floor":37},{"not_picked":["Steam+1","Self Repair","Redo+1"],"picked":"SKIP","floor":41},{"not_picked":["Streamline+1","Sweeping Beam+1"],"picked":"Cold Snap+1","floor":42},{"not_picked":["Scrape+1","Compile Driver+1"],"picked":"Redo+1","floor":45},{"not_picked":["Gash+1","Ball Lightning+1"],"picked":"Reboot+1","floor":46},{"not_picked":["Go for the Eyes+1","Inflame"],"picked":"Headbutt+1","floor":48},{"not_picked":["Core Surge+1","Tactician+1"],"picked":"Dual Wield+1","floor":55}],"player_experience":6815900,"relics_obtained":[{"floor":7,"key":"Lantern"},{"floor":9,"key":"Letter Opener"},{"floor":11,"key":"Art of War"},{"floor":14,"key":"Toxic Egg 2"},{"floor":24,"key":"War Paint"},{"floor":26,"key":"Symbiotic Virus"},{"floor":27,"key":"Omamori"},{"floor":30,"key":"PreservedInsect"},{"floor":31,"key":"Blood Vial"},{"floor":34,"key":"Strawberry"},{"floor":34,"key":"Molten Egg 2"},{"floor":34,"key":"Old Coin"},{"floor":41,"key":"Bottled Lightning"},{"floor":48,"key":"Bottled Flame"},{"floor":55,"key":"Sundial"}],"event_choices":[{"damage_healed":0,"gold_gain":0,"cards_transformed":["Streamline","Dualcast"],"player_choice":"Transformed Cards","damage_taken":0,"max_hp_gain":0,"max_hp_loss":0,"event_name":"Designer","floor":20,"gold_loss":75,"cards_obtained":["Electrodynamics","Buffer"]},{"damage_healed":0,"gold_gain":999,"player_choice":"Gold","damage_taken":0,"max_hp_gain":0,"max_hp_loss":0,"event_name":"MindBloom","floor":38,"gold_loss":0,"cards_obtained":["Normality","Normality"]},{"cards_removed":["Normality"],"damage_healed":0,"gold_gain":0,"player_choice":"Removed Curses","damage_taken":0,"max_hp_gain":0,"max_hp_loss":0,"event_name":"Fountain of Cleansing","floor":39,"gold_loss":0}],"is_beta":false,"boss_relics":[{"not_picked":["Nuclear Battery","FrozenCore"],"picked":"Pandora\u0027s Box"},{"not_picked":["Coffee Dripper","Runic Dome"],"picked":"Calling Bell"}],"items_purged_floors":[13,44,54],"is_endless":false,"potions_floor_spawned":[2,4,5,12,22,27,28,31,33,35,36,37,46],"ascension_level":20}