{"gold_per_floor":[111,125,140,159,159,159,193,193,193,193,232,232,212,27,27,122,122,138,154,178,25,25,58,58,93,118,153,153,153,189,208,208,301,301,316,28,28,43,66,66,101,101,101,126,157,157,182,220,220,220,220,220,220,47,85,85],"floor_reached":57,"playtime":4727,"items_purged":["Strike_B","Strike_B"],"score":3048,"play_id":"0b4abfed-86b4-46c2-a498-2a785428078e","local_time":"20220517190226","falling_options_log":["Chill","Biased Cognition+1"],"is_ascension_mode":true,"campfire_choices":[{"data":"Beam Cell","floor":6,"key":"SMITH"},{"data":"Chaos","floor":8,"key":"SMITH"},{"data":"Biased Cognition","floor":12,"key":"SMITH"},{"data":"Go for the Eyes","floor":15,"key":"SMITH"},{"floor":24,"key":"REST"},{"data":"Seek","floor":32,"key":"SMITH"},{"data":"Capacitor","floor":40,"key":"SMITH"},{"floor":46,"key":"RECALL"},{"data":"Biased Cognition","floor":49,"key":"SMITH"},{"data":"Heatsinks","floor":53,"key":"SMITH"}],"neow_cost":"NONE","seed_source_timestamp":293657843917600,"shop_contents":[{"floor":14,"relics":["Vajra","Mango","TheAbacus"],"cards":["Sunder","Beam Cell","Hello World","Forethought","Secret Weapon"],"potions":["PowerPotion","SkillPotion","Strength Potion"]},{"floor":21,"relics":["Turnip","Boot","Sling"],"cards":["Rip and Tear","Cold Snap","Turbo","Leap","Heatsinks","Finesse","Secret Technique"],"potions":["SteroidPotion","ColorlessPotion"]},{"floor":36,"relics":["WingedGreaves","Toy Ornithopter"],"cards":["Go for the Eyes","Gash","Reinforced Body","Discovery","Apotheosis"],"potions":["LiquidBronze","SkillPotion","BlessingOfTheForge"]},{"floor":54,"relics":["HornCleat","Blood Vial"],"cards":["Hyperbeam","Meteor Strike","Double Energy","Leap","Storm","Bandage Up","Master of Strategy"],"potions":["EntropicBrew","LiquidBronze","Energy Potion"]}],"circlet_count":0,"master_deck":["AscendersBane","Strike_B+1","Defend_B","Defend_B","Zap+1","Dualcast","Beam Cell+1","Biased Cognition+1","Go for the Eyes+1","Cold Snap","Chaos+1","Core Surge","Chill","Turbo","Seek+1","Chill","Scrape+1","Doom and Gloom","Capacitor+1","Glacier+1","White Noise","Compile Driver","Defragment+1","Coolheaded","Biased Cognition+1","Turbo","Heatsinks+1","Skim+1","Loop+1","Lockon","Hologram","Double Energy","Capacitor+1"],"potion_use_per_floor":[[],[],[],[],[],[],["CultistPotion"],[],[],[],[],[],[],[],[],["PotionOfCapacity"],[],["DistilledChaos"],[],[],[],[],["ColorlessPotion"],[],["Ancient Potion"],[],[],[],[],[],[],[],[],[],[],[],[],[],[],[],[],[],[],[],[],[],[],[],[],[],[],[],[],[],[],[],[]],"relics":["Cracked Core","Whetstone","PreservedInsect","MealTicket","Golden Idol","Pear","SlaversCollar","TungstenRod","War Paint","Centennial Puzzle","Du-Vu Doll","Bird Faced Urn","Runic Pyramid","OrangePellets","Regal Pillow","Juzu Bracelet","Dream Catcher","Bronze Scales","DollysMirror","Lantern"],"potions_floor_usage":[7,16,18,23,25],"damage_taken":[{"damage":1,"enemies":"2 Louse","floor":1,"turns":2},{"damage":2,"enemies":"Jaw Worm","floor":2,"turns":2},{"damage":0,"enemies":"Cultist","floor":3,"turns":3},{"damage":9,"enemies":"2 Fungi Beasts","floor":4,"turns":3},{"damage":7,"enemies":"Lagavulin","floor":7,"turns":7},{"damage":16,"enemies":"3 Sentries","floor":11,"turns":6},{"damage":0,"enemies":"Slime Boss","floor":16,"turns":12},{"damage":22,"enemies":"3 Byrds","floor":18,"turns":4},{"damage":0,"enemies":"Chosen","floor":19,"turns":5},{"damage":16,"enemies":"Shelled Parasite and Fungi","floor":20,"turns":6},{"damage":11,"enemies":"Gremlin Leader","floor":23,"turns":3},{"damage":5,"enemies":"Book of Stabbing","floor":25,"turns":4},{"damage":13,"enemies":"Slavers","floor":27,"turns":3},{"damage":0,"enemies":"Gremlin Leader","floor":30,"turns":4},{"damage":9,"enemies":"Snecko","floor":31,"turns":5},{"damage":2,"enemies":"Automaton","floor":33,"turns":8},{"damage":1,"enemies":"3 Darklings","floor":35,"turns":5},{"damage":0,"enemies":"Orb Walker","floor":38,"turns":5},{"damage":0,"enemies":"Sphere and 2 Shapes","floor":39,"turns":6},{"damage":0,"enemies":"Reptomancer","floor":41,"turns":4},{"damage":1,"enemies":"Giant Head","floor":45,"turns":5},{"damage":0,"enemies":"3 Darklings","floor":47,"turns":5},{"damage":1,"enemies":"Reptomancer","floor":48,"turns":4},{"damage":11,"enemies":"Donu and Deca","floor":50,"turns":8},{"damage":1,"enemies":"Awakened One","floor":51,"turns":9},{"damage":0,"enemies":"Shield and Spear","floor":55,"turns":6},{"damage":38,"enemies":"The Heart","floor":56,"turns":8}],"seed_played":"-6786707188868898967","neow_bonus_log":{"cardsObtained":[],"cardsUpgraded":[],"cardsRemoved":[],"cardsTransformed":[],"relicsObtained":["Whetstone"],"maxHpGained":0,"goldGained":0,"damageTaken":0,"goldLost":0,"maxHpLost":0},"potions_obtained":[{"floor":1,"key":"CultistPotion"},{"floor":4,"key":"DistilledChaos"},{"floor":13,"key":"PotionOfCapacity"},{"floor":20,"key":"ColorlessPotion"},{"floor":23,"key":"Ancient Potion"},{"floor":27,"key":"LiquidMemories"}],"is_trial":false,"path_per_floor":["M","M","M","M","?","R","E","R","T","?","E","R","?","$","R","B",null,"M","M","M","$","?","E","R","E","T","E","?","?","E","M","R","B",null,"M","$","?","M","M","R","E","?","T","T","E","R","M","E","R","B","B",null,"R","$","E","B",null],"character_chosen":"DEFECT","items_purchased":["Chill","Turbo","BlessingOfTheForge","OrangePellets","Turbo","Heatsinks","DollysMirror"],"campfire_rested":1,"item_purchase_floors":[14,14,21,36,36,36,54],"current_hp_per_floor":[63,61,61,52,71,71,64,64,64,40,34,34,34,49,49,49,73,51,51,35,50,50,39,63,58,58,45,45,45,45,44,44,50,73,81,81,81,81,81,81,81,81,81,81,81,81,81,81,81,81,81,81,81,81,81,55],"gold":85,"neow_bonus":"RANDOM_COMMON_RELIC","is_prod":false,"is_daily":false,"rewards_skipped":[{"floor":33,"relics":[],"potions":["FearPotion"]},{"floor":39,"relics":[],"potions":["BlessingOfTheForge"]},{"floor":45,"relics":[],"potions":["SmokeBomb"]},{"floor":48,"relics":[],"potions":["LiquidBronze"]}],"chose_seed":false,"campfire_upgraded":8,"win_rate":0,"floor_exit_playtime":[211,303,358,419,479,492,615,637,642,731,877,886,897,1023,1122,1341,1498,1600,1682,1808,1905,1960,2050,2085,2193,2206,2316,2333,2342,2463,2538,2547,2766,2849,2982,3014,3020,3159,3261,3309,3461,3466,3475,3487,3635,3642,3735,3866,3876,4036,4207,4227,4238,4273,4483,4727],"timestamp":1652828546,"blue_key_relic_skipped_log":{"floor":43,"relicID":"Old Coin"},"path_taken":["M","M","M","M","?","R","E","R","T","?","E","R","?","$","R","BOSS","M","M","M","$","?","E","R","E","T","E","?","?","E","M","R","BOSS","M","$","?","M","M","R","E","?","T","?","E","R","M","E","R","BOSS","BOSS","R","$","E","BOSS"],"build_version":"2022-03-07","purchased_purges":2,"victory":true,"max_hp_per_floor":[71,71,71,71,71,71,71,71,71,71,81,81,81,81,81,81,81,81,81,81,81,81,81,81,81,81,81,81,81,81,81,81,81,81,81,81,81,81,81,81,81,81,81,81,81,81,81,81,81,81,81,81,81,81,81,81],"relic_stats":{"Regal Pillow":0,"counters":[27,142],"Golden Idol":190,"PreservedInsect":541,"Juzu Bracelet":0,"Whetstone":["Strike_B","Strike_B"],"War Paint":["Glacier","Zap"],"OrangePellets":[16],"Centennial Puzzle":[27],"Dream Catcher":0,"Bird Faced Urn":[51],"Bronze Scales":[192],"MealTicket":30,"obtain_stats":[{"Regal Pillow":41,"Lantern":55,"Pear":11,"Golden Idol":10,"PreservedInsect":7,"Juzu Bracelet":44,"Whetstone":0,"War Paint":25,"Du-Vu Doll":27,"SlaversCollar":17,"OrangePellets":36,"Centennial Puzzle":26,"Dream Catcher":45,"DollysMirror":54,"Bird Faced Urn":30,"Bronze Scales":48,"MealTicket":9,"Cracked Core":0,"TungstenRod":23,"Runic Pyramid":34},{"Regal Pillow":20,"Lantern":26,"Pear":6,"Golden Idol":5,"PreservedInsect":5,"Juzu Bracelet":20,"Whetstone":0,"War Paint":12,"Du-Vu Doll":13,"SlaversCollar":7,"OrangePellets":17,"Centennial Puzzle":12,"Dream Catcher":21,"DollysMirror":25,"Bird Faced Urn":14,"Bronze Scales":23,"MealTicket":5,"Cracked Core":0,"TungstenRod":11,"Runic Pyramid":16},{"Regal Pillow":97,"Lantern":134,"Pear":23,"Golden Idol":17,"PreservedInsect":17,"Juzu Bracelet":97,"Whetstone":0,"War Paint":57,"Du-Vu Doll":60,"SlaversCollar":35,"OrangePellets":82,"Centennial Puzzle":57,"Dream Catcher":102,"DollysMirror":128,"Bird Faced Urn":64,"Bronze Scales":111,"MealTicket":17,"Cracked Core":0,"TungstenRod":53,"Runic Pyramid":77}],"TungstenRod":38},"card_choices":[{"not_picked":["Hello World","Compile Driver"],"picked":"Beam Cell","floor":1},{"not_picked":["Sweeping Beam","Skim"],"picked":"Biased Cognition","floor":2},{"not_picked":["Stack","Streamline"],"picked":"Go for the Eyes","floor":3},{"not_picked":["Hello World","Redo"],"picked":"Cold Snap","floor":4},{"not_picked":["Go for the Eyes","Sweeping Beam"],"picked":"Chaos","floor":7},{"not_picked":["Streamline","Turbo"],"picked":"Core Surge","floor":11},{"not_picked":["Echo Form","Machine Learning"],"picked":"Seek","floor":16},{"not_picked":["Hologram","Hello World"],"picked":"Chill","floor":18},{"not_picked":["Leap","Heatsinks"],"picked":"Scrape+1","floor":19},{"not_picked":["Beam Cell","Streamline"],"picked":"Doom and Gloom","floor":20},{"not_picked":["Sunder","Glacier","Darkness","Leap","Coolheaded","Storm","Cold Snap","Steam","Streamline","Stack","Turbo","Rip and Tear","Chill","Hologram","Compile Driver","Recycle","Redo","Skim","Self Repair"],"picked":"Capacitor","floor":22},{"not_picked":["Gash","Amplify"],"picked":"Glacier","floor":23},{"not_picked":["Aggregate","Leap"],"picked":"White Noise","floor":25},{"not_picked":["Beam Cell","Creative AI"],"picked":"Compile Driver","floor":27},{"not_picked":["Ball Lightning","Stack"],"picked":"Defragment+1","floor":30},{"not_picked":["Leap","Beam Cell"],"picked":"Coolheaded","floor":31},{"not_picked":["Core Surge","Meteor Strike"],"picked":"Biased Cognition","floor":33},{"not_picked":["Fusion","Barrage","Gash"],"picked":"SKIP","floor":35},{"not_picked":["Sweeping Beam+1","Cold Snap+1","Conserve Battery"],"picked":"SKIP","floor":38},{"not_picked":["Sweeping Beam+1","Cold Snap+1","Conserve Battery"],"picked":"SKIP","floor":38},{"not_picked":["Compile Driver","Rebound"],"picked":"Skim+1","floor":39},{"not_picked":["Hologram+1","Recycle"],"picked":"Loop+1","floor":41},{"not_picked":["Barrage+1","Rip and Tear"],"picked":"Lockon","floor":45},{"not_picked":["Coolheaded","Steam+1"],"picked":"Hologram","floor":47},{"not_picked":["Chill","Sunder+1"],"picked":"Double Energy","floor":48},{"not_picked":["Rebound","Machine Learning","Sunder"],"picked":"SKIP","floor":55}],"player_experience":6964748,"relics_obtained":[{"floor":7,"key":"PreservedInsect"},{"floor":9,"key":"MealTicket"},{"floor":11,"key":"Pear"},{"floor":23,"key":"TungstenRod"},{"floor":25,"key":"War Paint"},{"floor":26,"key":"Centennial Puzzle"},{"floor":27,"key":"Du-Vu Doll"},{"floor":30,"key":"Bird Faced Urn"},{"floor":41,"key":"Regal Pillow"},{"floor":44,"key":"Juzu Bracelet"},{"floor":45,"key":"Dream Catcher"},{"floor":48,"key":"Bronze Scales"},{"floor":55,"key":"Lantern"}],"event_choices":[{"damage_healed":23,"gold_gain":0,"player_choice":"Banana","damage_taken":0,"max_hp_gain":0,"max_hp_loss":0,"event_name":"Big Fish","floor":5,"gold_loss":0},{"damage_healed":0,"gold_gain":0,"player_choice":"Take Damage","damage_taken":24,"relics_obtained":["Golden Idol"],"max_hp_gain":0,"max_hp_loss":0,"event_name":"Golden Idol","floor":10,"gold_loss":0},{"damage_healed":0,"gold_gain":0,"player_choice":"Bought 1 Potion","damage_taken":0,"max_hp_gain":0,"max_hp_loss":0,"event_name":"The Woman in Blue","floor":13,"gold_loss":0},{"damage_healed":0,"gold_gain":0,"player_choice":"Read","damage_taken":0,"max_hp_gain":0,"max_hp_loss":0,"event_name":"The Library","floor":22,"gold_loss":0,"cards_obtained":["Capacitor"]},{"cards_removed":["Defend_B"],"damage_healed":0,"gold_gain":0,"player_choice":"Elegance","damage_taken":0,"max_hp_gain":0,"max_hp_loss":0,"event_name":"Back to Basics","floor":28,"gold_loss":0},{"cards_removed":["Defend_B"],"damage_healed":0,"gold_gain":0,"player_choice":"Purged","damage_taken":0,"max_hp_gain":0,"max_hp_loss":0,"event_name":"Purifier","floor":29,"gold_loss":0},{"cards_removed":["Strike_B"],"damage_healed":0,"gold_gain":0,"player_choice":"Removed Attack","damage_taken":0,"max_hp_gain":0,"max_hp_loss":0,"event_name":"Falling","floor":37,"gold_loss":0},{"damage_healed":0,"gold_gain":0,"player_choice":"Ignored","damage_taken":0,"max_hp_gain":0,"max_hp_loss":0,"event_name":"Tomb of Lord Red Mask","floor":42,"gold_loss":0}],"is_beta":false,"boss_relics":[{"not_picked":["Nuclear Battery","Ectoplasm"],"picked":"SlaversCollar"},{"not_picked":["Black Star","Calling Bell"],"picked":"Runic Pyramid"}],"items_purged_floors":[14,21],"is_endless":false,"potions_floor_spawned":[1,4,20,23,27,33,39,45,48],"ascension_level":20,"potion_discard_per_floor":[[],[],[],[],[],[],[],[],[],[],[],[],[],[],[],[],[],[],[],[],[],[],[],[],[],[],[],[],[],[],[],[],[],[],[],[],[],[],[],[],[],[],[],[],[],[],[],[],[],[],[],[],[],[],[],[],[]]}