{"neow_bonuses_skipped_log":["RANDOM_COLORLESS","THREE_SMALL_POTIONS","TWENTY_PERCENT_HP_BONUS"],"neow_costs_skipped_log":["NONE","NONE","CURSE"],"gold_per_floor":[118,136,286,29,29,29,41,59,135,155,120,120,140,180,180,262,262,287,59,59,79,103,103,103,103,127,141,172,217,251,251,251,325,325,350,375,206,224,56,86,86,117,142,166,198,212,224,242,242,242,242,242,242,16,49,49],"floor_reached":57,"playtime":3713,"items_purged":["Doubt"],"score":3064,"play_id":"4144e039-acb5-4b9c-83ab-9ae44756545c","local_time":"20220525162818","is_ascension_mode":true,"campfire_choices":[{"data":"Reprogram","floor":6,"key":"SMITH"},{"data":"Self Repair","floor":12,"key":"SMITH"},{"data":"Hologram","floor":15,"key":"SMITH"},{"data":"Apotheosis","floor":23,"key":"SMITH"},{"data":"Turbo","floor":25,"key":"SMITH"},{"floor":32,"key":"DIG"},{"floor":41,"key":"DIG"},{"floor":49,"key":"RECALL"},{"floor":53,"key":"DIG"}],"neow_cost":"NONE","seed_source_timestamp":976611154221400,"shop_contents":[{"floor":4,"relics":["War Paint","Molten Egg 2","Medical Kit"],"cards":["Gash","Darkness","Capacitor","Transmutation"],"potions":["Strength Potion","PotionOfCapacity","Fruit Juice"]},{"floor":19,"relics":["Happy Flower","MealTicket","HandDrill"],"cards":["Gash","Compile Driver","Chill","Heatsinks","Forethought"],"potions":["PotionOfCapacity","CultistPotion","Fire Potion"]},{"floor":37,"relics":["Pen Nib","Frozen Eye"],"cards":["Melter","Barrage","Genetic Algorithm","Steam","Capacitor","Dramatic Entrance","Secret Weapon"],"potions":["AttackPotion","Block Potion","SteroidPotion"]},{"floor":39,"relics":["DataDisk","Orrery"],"cards":["FTL","Rip and Tear","Fission","Turbo","Defragment","Forethought","Apotheosis"],"potions":["EssenceOfSteel","FocusPotion","EntropicBrew"]},{"floor":54,"relics":["Torii","Runic Capacitor"],"cards":["Barrage","Lockon","Stack","Chaos","Static Discharge","Good Instincts","Mayhem"],"potions":["ColorlessPotion","SmokeBomb"]}],"circlet_count":0,"master_deck":["AscendersBane","Defend_B","Defend_B","Defend_B","Defend_B","Hologram+1","Reprogram+1","Go for the Eyes","Flash of Steel","Beam Cell","Self Repair+1","Rebound","Reinforced Body","Sweeping Beam","All For One","Steam","Apotheosis+1","Turbo+1","Beam Cell","Bite","Bite","Bite","Bite","Skim","Skim+1","Genetic Algorithm+1","Madness","Madness","Rebound+1"],"potion_use_per_floor":[[],[],[],[],[],[],[],[],[],["ColorlessPotion"],[],[],[],[],[],[],[],[],[],[],[],[],[],[],[],[],[],[],[],["LiquidMemories"],[],[],[],[],[],[],[],[],[],[],[],[],[],[],[],[],[],[],[],[],[],[],[],[],["Energy Potion"],["PowerPotion","Strength Potion","AttackPotion"],[]],"relics":["Coffee Dripper","GremlinMask","Shuriken","CeramicFish","Runic Pyramid","Strawberry","Shovel","Unceasing Top","Anchor","Empty Cage","Nunchaku","Potion Belt","Art of War","HornCleat","Omamori","Orichalcum","Cables","Bag of Preparation","Bronze Scales"],"potions_floor_usage":[10,30,55,56,56,56],"damage_taken":[{"damage":0,"enemies":"Cultist","floor":1,"turns":3},{"damage":12,"enemies":"Jaw Worm","floor":2,"turns":2},{"damage":12,"enemies":"2 Louse","floor":7,"turns":4},{"damage":17,"enemies":"Gremlin Gang","floor":8,"turns":6},{"damage":0,"enemies":"Looter","floor":10,"turns":2},{"damage":4,"enemies":"Blue Slaver","floor":13,"turns":4},{"damage":14,"enemies":"Lagavulin","floor":14,"turns":8},{"damage":0,"enemies":"The Guardian","floor":16,"turns":10},{"damage":0,"enemies":"Spheric Guardian","floor":18,"turns":5},{"damage":16,"enemies":"Shell Parasite","floor":21,"turns":4},{"damage":0,"enemies":"Centurion and Healer","floor":22,"turns":5},{"damage":0,"enemies":"Sentry and Sphere","floor":27,"turns":4},{"damage":14,"enemies":"Book of Stabbing","floor":28,"turns":4},{"damage":4,"enemies":"Gremlin Leader","floor":30,"turns":5},{"damage":13,"enemies":"Champ","floor":33,"turns":8},{"damage":0,"enemies":"Orb Walker","floor":35,"turns":4},{"damage":8,"enemies":"3 Darklings","floor":36,"turns":3},{"damage":0,"enemies":"Giant Head","floor":40,"turns":6},{"damage":0,"enemies":"Nemesis","floor":42,"turns":3},{"damage":0,"enemies":"Jaw Worm Horde","floor":44,"turns":3},{"damage":0,"enemies":"Giant Head","floor":45,"turns":3},{"damage":0,"enemies":"Spire Growth","floor":46,"turns":4},{"damage":0,"enemies":"Maw","floor":47,"turns":5},{"damage":10,"enemies":"Transient","floor":48,"turns":2},{"damage":12,"enemies":"Time Eater","floor":50,"turns":9},{"damage":21,"enemies":"Awakened One","floor":51,"turns":6},{"damage":0,"enemies":"Shield and Spear","floor":55,"turns":5},{"damage":55,"enemies":"The Heart","floor":56,"turns":9}],"seed_played":"-60157239605701226","neow_bonus_log":{"cardsObtained":[],"cardsUpgraded":[],"cardsRemoved":[],"cardsTransformed":[],"relicsObtained":["Coffee Dripper"],"maxHpGained":0,"goldGained":0,"damageTaken":0,"goldLost":0,"maxHpLost":0},"potions_obtained":[{"floor":7,"key":"Energy Potion"},{"floor":8,"key":"ColorlessPotion"},{"floor":13,"key":"LiquidMemories"},{"floor":30,"key":"PowerPotion"},{"floor":40,"key":"SkillPotion"},{"floor":46,"key":"Strength Potion"}],"is_trial":false,"path_per_floor":["M","M","?","$","?","R","M","M","T","M","?","R","M","E","R","B",null,"M","$","?","M","M","R","?","R","T","M","E","?","E","?","R","B",null,"M","M","$","?","$","E","R","E","T","M","E","M","M","M","R","B","B",null,"R","$","E","B",null],"character_chosen":"DEFECT","items_purchased":["Reprogram","Go for the Eyes","Flash of Steel","Apotheosis","Turbo","Nunchaku","Potion Belt","Bag of Preparation","AttackPotion"],"campfire_rested":0,"item_purchase_floors":[4,4,4,19,19,37,39,54,54],"current_hp_per_floor":[64,52,52,52,52,52,40,23,23,30,47,47,53,49,49,59,68,71,71,71,65,71,71,61,61,68,78,74,54,54,54,54,54,54,54,54,54,44,44,54,54,54,54,54,54,54,54,54,54,54,54,54,54,54,54,33],"gold":49,"neow_bonus":"BOSS_RELIC","is_prod":false,"is_daily":false,"rewards_skipped":[{"floor":14,"relics":[],"potions":["Dexterity Potion"]},{"floor":27,"relics":[],"potions":["LiquidBronze"]},{"floor":28,"relics":[],"potions":["Regen Potion"]},{"floor":36,"relics":[],"potions":["Weak Potion"]}],"chose_seed":false,"campfire_upgraded":5,"win_rate":0,"floor_exit_playtime":[32,56,60,83,87,101,136,201,224,272,279,285,326,423,431,560,594,675,715,734,801,876,883,899,944,953,1025,1115,1148,1267,1271,1276,1452,1508,1560,1627,1672,1681,1692,1822,1828,1916,1920,1987,2076,2147,2244,2432,2436,2617,2832,2859,2866,2898,3102,3713],"timestamp":1653510498,"blue_key_relic_skipped_log":{"floor":43,"relicID":"Oddly Smooth Stone"},"path_taken":["M","M","?","$","?","R","M","M","T","?","?","R","M","E","R","BOSS","M","$","?","M","?","R","?","R","T","?","E","?","E","?","R","BOSS","M","M","$","?","$","E","R","E","T","M","E","M","M","M","R","BOSS","BOSS","R","$","E","BOSS"],"build_version":"2022-03-07","purchased_purges":1,"victory":true,"max_hp_per_floor":[71,71,71,71,71,71,71,71,71,71,71,71,71,71,71,71,71,71,71,71,71,71,71,71,71,78,78,78,54,54,54,54,54,54,54,54,54,54,54,54,54,54,54,54,54,54,54,54,54,54,54,54,54,54,54,54],"relic_stats":{"counters":[28,136],"CeramicFish":153,"Omamori":0,"Bag of Preparation":[4],"Orichalcum":[18],"Cables":[0,0,0,0,0],"Nunchaku":[29],"Shovel":3,"Shuriken":[126],"Bronze Scales":[99],"Art of War":[6],"obtain_stats":[{"Potion Belt":39,"CeramicFish":14,"GremlinMask":5,"Omamori":42,"Bag of Preparation":54,"Orichalcum":45,"Empty Cage":34,"Cables":53,"Anchor":32,"Nunchaku":37,"Shovel":28,"HornCleat":41,"Shuriken":9,"Strawberry":26,"Bronze Scales":55,"Coffee Dripper":0,"Art of War":40,"Cracked Core":0,"Unceasing Top":30,"Runic Pyramid":17},{"Potion Belt":17,"CeramicFish":7,"GremlinMask":2,"Omamori":19,"Bag of Preparation":26,"Orichalcum":21,"Empty Cage":15,"Cables":26,"Anchor":14,"Nunchaku":17,"Shovel":13,"HornCleat":18,"Shuriken":4,"Strawberry":11,"Bronze Scales":27,"Coffee Dripper":0,"Art of War":18,"Cracked Core":0,"Unceasing Top":14,"Runic Pyramid":8},{"Potion Belt":81,"CeramicFish":29,"GremlinMask":5,"Omamori":90,"Bag of Preparation":122,"Orichalcum":96,"Empty Cage":74,"Cables":122,"Anchor":66,"Nunchaku":81,"Shovel":61,"HornCleat":87,"Shuriken":15,"Strawberry":53,"Bronze Scales":127,"Coffee Dripper":0,"Art of War":87,"Cracked Core":0,"Unceasing Top":66,"Runic Pyramid":39}],"Unceasing Top":[58]},"card_choices":[{"not_picked":["Go for the Eyes","Barrage"],"picked":"Hologram","floor":1},{"not_picked":["Barrage","Capacitor","Heatsinks"],"picked":"SKIP","floor":2},{"not_picked":["BootSequence","Streamline"],"picked":"Beam Cell","floor":7},{"not_picked":["Glacier","Aggregate"],"picked":"Self Repair","floor":8},{"not_picked":["Gash","Melter"],"picked":"Rebound","floor":10},{"not_picked":["Consume","Turbo"],"picked":"Reinforced Body","floor":13},{"not_picked":["Rainbow","Conserve Battery"],"picked":"Sweeping Beam","floor":14},{"not_picked":["Buffer","Echo Form"],"picked":"All For One","floor":16},{"not_picked":["Hologram","Ball Lightning"],"picked":"Steam","floor":18},{"not_picked":["Blizzard","Barrage+1","Force Field"],"picked":"SKIP","floor":21},{"not_picked":["Steam","Go for the Eyes"],"picked":"Beam Cell","floor":22},{"not_picked":["Streamline","Chaos","Darkness"],"picked":"SKIP","floor":27},{"not_picked":["Compile Driver+1","Steam","Leap"],"picked":"SKIP","floor":28},{"not_picked":["Compile Driver+1","Steam","Leap"],"picked":"SKIP","floor":28},{"not_picked":["Gash+1","Chill"],"picked":"Skim","floor":30},{"not_picked":["Streamline","Cold Snap"],"picked":"Skim+1","floor":35},{"not_picked":["Capacitor","Reinforced Body"],"picked":"Genetic Algorithm+1","floor":36},{"not_picked":["Leap","Creative AI","Gash"],"picked":"SKIP","floor":40},{"not_picked":["Glacier","Stack","Static Discharge+1"],"picked":"SKIP","floor":42},{"not_picked":["Barrage+1","Turbo+1"],"picked":"Rebound+1","floor":44},{"not_picked":["Loop","Doom and Gloom","Heatsinks"],"picked":"SKIP","floor":45},{"not_picked":["Loop","Doom and Gloom","Heatsinks"],"picked":"SKIP","floor":45},{"not_picked":["Genetic Algorithm","Leap+1","Force Field"],"picked":"SKIP","floor":46},{"not_picked":["Cold Snap","Gash","Lockon"],"picked":"SKIP","floor":47},{"not_picked":["Streamline","Turbo","Cold Snap"],"picked":"SKIP","floor":48},{"not_picked":["Blizzard","Streamline","Skim"],"picked":"SKIP","floor":55}],"player_experience":7027759,"relics_obtained":[{"floor":9,"key":"Shuriken"},{"floor":14,"key":"CeramicFish"},{"floor":26,"key":"Strawberry"},{"floor":28,"key":"Shovel"},{"floor":30,"key":"Unceasing Top"},{"floor":32,"key":"Anchor"},{"floor":40,"key":"Art of War"},{"floor":41,"key":"HornCleat"},{"floor":42,"key":"Omamori"},{"floor":45,"key":"Orichalcum"},{"floor":53,"key":"Cables"},{"floor":55,"key":"Bronze Scales"}],"event_choices":[{"damage_healed":0,"gold_gain":150,"player_choice":"AGREE","damage_taken":0,"max_hp_gain":0,"max_hp_loss":0,"event_name":"Liars Game","floor":3,"gold_loss":0,"cards_obtained":["Doubt"]},{"damage_healed":0,"gold_gain":0,"player_choice":"Trade","damage_taken":0,"relics_obtained":["GremlinMask"],"max_hp_gain":0,"max_hp_loss":0,"event_name":"FaceTrader","floor":5,"gold_loss":0},{"damage_healed":17,"gold_gain":0,"player_choice":"Healed","damage_taken":0,"max_hp_gain":0,"max_hp_loss":0,"event_name":"The Cleric","floor":11,"gold_loss":35},{"cards_removed":["Dualcast"],"damage_healed":0,"gold_gain":0,"player_choice":"Purged","damage_taken":0,"max_hp_gain":0,"max_hp_loss":0,"event_name":"Purifier","floor":20,"gold_loss":0},{"damage_healed":0,"gold_gain":0,"player_choice":"Damaged","damage_taken":10,"max_hp_gain":0,"max_hp_loss":0,"event_name":"Wheel of Change","floor":24,"gold_loss":0},{"damage_healed":0,"gold_gain":0,"player_choice":"Became a vampire","damage_taken":0,"max_hp_gain":0,"max_hp_loss":24,"event_name":"Vampires","floor":29,"gold_loss":0,"cards_obtained":["Bite","Bite","Bite","Bite","Bite"]},{"damage_healed":0,"gold_gain":0,"player_choice":"Ignored","damage_taken":0,"max_hp_gain":0,"max_hp_loss":0,"event_name":"The Mausoleum","floor":31,"gold_loss":0},{"damage_healed":0,"gold_gain":0,"player_choice":"Embrace Madness","damage_taken":10,"max_hp_gain":0,"max_hp_loss":0,"event_name":"Winding Halls","floor":38,"gold_loss":0,"cards_obtained":["Madness","Madness"]}],"is_beta":false,"boss_relics":[{"not_picked":["SlaversCollar","Cursed Key"],"picked":"Runic Pyramid"},{"not_picked":["Inserter","Velvet Choker"],"picked":"Empty Cage"}],"items_purged_floors":[4],"is_endless":false,"potions_floor_spawned":[7,8,13,14,27,28,30,36,40,46],"ascension_level":20,"potion_discard_per_floor":[[],[],[],[],[],[],[],[],[],[],[],[],[],[],[],[],[],[],[],[],[],[],[],[],[],[],[],[],[],[],[],[],[],[],[],[],[],[],[],[],[],[],[],[],[],[],[],[],[],[],[],[],[],["SkillPotion"],[],[],[]]}