{"neow_bonuses_skipped_log":["UPGRADE_CARD","TEN_PERCENT_HP_BONUS","BOSS_RELIC"],"neow_costs_skipped_log":["NONE","NONE","NONE"],"gold_per_floor":[14,29,48,62,80,80,80,80,80,80,109,154,180,208,208,208],"floor_reached":16,"playtime":1057,"items_purged":[],"score":208,"play_id":"f2d9c33a-72af-47cd-911e-bc5df6360827","local_time":"20220525135950","is_ascension_mode":true,"campfire_choices":[{"data":"Beam Cell","floor":6,"key":"SMITH"},{"floor":10,"key":"REST"},{"data":"Zap","floor":15,"key":"SMITH"}],"neow_cost":"NO_GOLD","seed_source_timestamp":970387779864200,"shop_contents":[],"circlet_count":0,"master_deck":["AscendersBane","Strike_B","Strike_B","Strike_B","Strike_B","Defend_B","Defend_B","Defend_B","Defend_B","Zap+1","Cold Snap","Coolheaded","Rebound","Gash","Beam Cell+1","Machine Learning","Ball Lightning","Leap"],"potion_use_per_floor":[[],[],[],[],[],[],[],[],[],[],["Swift Potion"],[],[],[],[],["EssenceOfSteel","Fruit Juice"]],"relics":["Cracked Core","WingedGreaves","Meat on the Bone","Eternal Feather","CeramicFish"],"potions_floor_usage":[11,16,16],"damage_taken":[{"damage":3,"enemies":"2 Louse","floor":1,"turns":3},{"damage":0,"enemies":"Small Slimes","floor":2,"turns":4},{"damage":2,"enemies":"Jaw Worm","floor":3,"turns":3},{"damage":15,"enemies":"Lots of Slimes","floor":4,"turns":6},{"damage":9,"enemies":"Blue Slaver","floor":5,"turns":3},{"damage":15,"enemies":"Lagavulin","floor":11,"turns":6},{"damage":19,"enemies":"3 Louse","floor":13,"turns":5},{"damage":13,"enemies":"Looter","floor":14,"turns":3},{"damage":50,"enemies":"Slime Boss","floor":16,"turns":6}],"seed_played":"-3020719461293273989","neow_bonus_log":{"cardsObtained":[],"cardsUpgraded":[],"cardsRemoved":[],"cardsTransformed":[],"relicsObtained":["WingedGreaves"],"maxHpGained":0,"goldGained":0,"damageTaken":0,"goldLost":99,"maxHpLost":0},"potions_obtained":[{"floor":1,"key":"Swift Potion"},{"floor":5,"key":"EssenceOfSteel"},{"floor":14,"key":"Fruit Juice"}],"is_trial":false,"path_per_floor":["M","M","M","M","M","R","?","?","T","R","E","T","M","M","R","B"],"character_chosen":"DEFECT","items_purchased":[],"campfire_rested":1,"item_purchase_floors":[],"current_hp_per_floor":[61,61,59,44,35,35,17,10,10,31,28,28,21,20,29,0],"gold":208,"neow_bonus":"ONE_RARE_RELIC","is_prod":false,"is_daily":false,"rewards_skipped":[],"chose_seed":false,"campfire_upgraded":2,"win_rate":0,"floor_exit_playtime":[248,325,371,523,585,594,615,638,652,656,755,765,857,916,959],"timestamp":1653501590,"blue_key_relic_skipped_log":{"floor":9,"relicID":"Sundial"},"path_taken":["M","M","M","M","M","R","?","?","T","R","E","?","M","M","R","BOSS"],"build_version":"2022-03-07","purchased_purges":0,"victory":false,"max_hp_per_floor":[71,71,71,71,71,71,71,71,71,71,71,71,71,71,71,76],"relic_stats":{"counters":[9,39],"CeramicFish":18,"Eternal Feather":9,"WingedGreaves":0,"obtain_stats":[{"CeramicFish":12,"Eternal Feather":11,"WingedGreaves":0,"Cracked Core":0,"Meat on the Bone":7},{"CeramicFish":6,"Eternal Feather":6,"WingedGreaves":0,"Cracked Core":0,"Meat on the Bone":5},{"CeramicFish":25,"Eternal Feather":25,"WingedGreaves":0,"Cracked Core":0,"Meat on the Bone":19}],"Meat on the Bone":36},"card_choices":[{"not_picked":["Force Field","Steam Power"],"picked":"Cold Snap","floor":1},{"not_picked":["Fusion","Conserve Battery"],"picked":"Coolheaded","floor":2},{"not_picked":["Scrape","Leap"],"picked":"Rebound","floor":3},{"not_picked":["Skim","Undo"],"picked":"Gash","floor":4},{"not_picked":["Lockon","Barrage"],"picked":"Beam Cell","floor":5},{"not_picked":["Fusion","Leap"],"picked":"Machine Learning","floor":11},{"not_picked":["Compile Driver","Coolheaded"],"picked":"Ball Lightning","floor":13},{"not_picked":["Go for the Eyes","Cold Snap"],"picked":"Leap","floor":14}],"player_experience":7021643,"relics_obtained":[{"floor":11,"key":"Eternal Feather"},{"floor":12,"key":"CeramicFish"}],"event_choices":[{"damage_healed":0,"gold_gain":0,"player_choice":"Success","damage_taken":18,"relics_obtained":["Meat on the Bone"],"max_hp_gain":0,"max_hp_loss":0,"event_name":"Scrap Ooze","floor":7,"gold_loss":0},{"cards_removed":["Dualcast"],"damage_healed":0,"gold_gain":0,"player_choice":"Card Removal","damage_taken":7,"max_hp_gain":0,"max_hp_loss":0,"event_name":"Golden Wing","floor":8,"gold_loss":0}],"is_beta":false,"boss_relics":[],"items_purged_floors":[],"is_endless":false,"potions_floor_spawned":[1,5,14],"killed_by":"Slime Boss","ascension_level":20,"potion_discard_per_floor":[[],[],[],[],[],[],[],[],[],[],[],[],[],[],[],[]]}