{"neow_bonuses_skipped_log":["HUNDRED_GOLD","THREE_RARE_CARDS","BOSS_RELIC"],"neow_costs_skipped_log":["NONE","NO_GOLD","NONE"],"gold_per_floor":[119,119,135,146,161,161,189,189,244,169,180,180,45,88,88,181,181,197,222,22,22,37,37,37,66,66,66,66,91,91,103,103,177,177,196,211,236,236,314,345,395,157,183,216,216,243,260,280,280,280,280,280,280,17,51,51],"floor_reached":57,"playtime":5295,"items_purged":["Strike_B","Defend_B"],"score":2901,"play_id":"9c60a4bd-e374-4fcf-baf4-1944beac26b7","local_time":"20220602185740","is_ascension_mode":true,"campfire_choices":[{"data":"Loop","floor":6,"key":"SMITH"},{"data":"Multi-Cast","floor":8,"key":"SMITH"},{"data":"Defragment","floor":15,"key":"SMITH"},{"data":"Turbo","floor":23,"key":"SMITH"},{"data":"Electrodynamics","floor":28,"key":"SMITH"},{"data":"Capacitor","floor":30,"key":"SMITH"},{"data":"Hologram","floor":32,"key":"SMITH"},{"floor":45,"key":"RECALL"},{"data":"Go for the Eyes","floor":49,"key":"SMITH"},{"data":"Recycle","floor":53,"key":"SMITH"}],"neow_cost":"NONE","seed_source_timestamp":1675190995091400,"shop_contents":[{"floor":13,"relics":["Orichalcum","Mango","Orrery"],"cards":["Sunder","Ball Lightning","Genetic Algorithm","Swift Strike","Apotheosis"],"potions":["FocusPotion","Regen Potion","PotionOfCapacity"]},{"floor":20,"relics":["Peace Pipe","Lantern"],"cards":["Compile Driver","Sweeping Beam","Coolheaded","Hello World","Blind","The Bomb"],"potions":["PotionOfCapacity","DuplicationPotion","FocusPotion"]},{"floor":42,"relics":["Strawberry","Question Card"],"cards":["Go for the Eyes","Scrape","Reboot","Turbo","Capacitor","Dramatic Entrance","Sadistic Nature"],"potions":["Fire Potion","Energy Potion","Explosive Potion"]},{"floor":54,"relics":["Nunchaku","Mercury Hourglass","TheAbacus"],"cards":["Beam Cell","Thunder Strike","Turbo","Auto Shields","Discovery","Secret Technique"],"potions":["AttackPotion","Ancient Potion"]}],"circlet_count":0,"master_deck":["AscendersBane","Defend_B+1","Defend_B","Dualcast","Loop+1","Doom and Gloom+1","Chill","Ball Lightning","Steam","Multi-Cast+1","Beam Cell","Coolheaded","Defragment+1","Amplify+1","Electrodynamics+1","Barrage+1","Reinforced Body+1","Rainbow+1","Chill","Self Repair","Hologram+1","Turbo+1","Consume+1","Capacitor+1","Biased Cognition","Lockon+1","Glacier","Double Energy+1","Recycle+1","Hologram","Creative AI","Skim","Go for the Eyes+1","Heatsinks","Creative AI"],"potion_use_per_floor":[[],[],[],[],[],[],["CultistPotion"],[],[],[],[],[],[],["EssenceOfDarkness"],[],["Dexterity Potion"],[],[],[],[],[],[],[],[],[],[],[],[],["AttackPotion"],[],[],[],[],[],[],[],[],[],[],["GamblersBrew"],[],[],[],[],[],[],[],["Swift Potion"],[],[],[],[],[],[],["LiquidMemories"],[],[]],"relics":["Cracked Core","StrikeDummy","Ancient Tea Set","Bloody Idol","Centennial Puzzle","Astrolabe","Toolbox","Bottled Lightning","Pocketwatch","War Paint","Coffee Dripper","Prayer Wheel","Happy Flower","Girya","Lee\u0027s Waffle","CaptainsWheel","Pen Nib","Bag of Preparation"],"potions_floor_usage":[7,14,16,29,40,48,55],"damage_taken":[{"damage":3,"enemies":"2 Louse","floor":1,"turns":3},{"damage":9,"enemies":"Jaw Worm","floor":3,"turns":4},{"damage":0,"enemies":"Small Slimes","floor":4,"turns":2},{"damage":9,"enemies":"Looter","floor":5,"turns":2},{"damage":9,"enemies":"3 Sentries","floor":7,"turns":5},{"damage":0,"enemies":"2 Fungi Beasts","floor":11,"turns":3},{"damage":0,"enemies":"Gremlin Nob","floor":14,"turns":2},{"damage":24,"enemies":"The Guardian","floor":16,"turns":7},{"damage":17,"enemies":"2 Thieves","floor":18,"turns":3},{"damage":0,"enemies":"Chosen","floor":19,"turns":3},{"damage":9,"enemies":"3 Cultists","floor":22,"turns":5},{"damage":6,"enemies":"Gremlin Leader","floor":25,"turns":6},{"damage":14,"enemies":"Slavers","floor":29,"turns":4},{"damage":7,"enemies":"Cultist and Chosen","floor":31,"turns":4},{"damage":0,"enemies":"Collector","floor":33,"turns":8},{"damage":6,"enemies":"Orb Walker","floor":35,"turns":5},{"damage":6,"enemies":"3 Darklings","floor":36,"turns":6},{"damage":0,"enemies":"Mind Bloom Boss Battle","floor":37,"turns":5},{"damage":0,"enemies":"Sphere and 2 Shapes","floor":39,"turns":13},{"damage":45,"enemies":"Reptomancer","floor":40,"turns":4},{"damage":4,"enemies":"2 Orb Walkers","floor":41,"turns":3},{"damage":8,"enemies":"Nemesis","floor":44,"turns":9},{"damage":14,"enemies":"Reptomancer","floor":46,"turns":6},{"damage":20,"enemies":"Spire Growth","floor":47,"turns":6},{"damage":8,"enemies":"Transient","floor":48,"turns":6},{"damage":16,"enemies":"Awakened One","floor":50,"turns":23},{"damage":1,"enemies":"Donu and Deca","floor":51,"turns":6},{"damage":9,"enemies":"Shield and Spear","floor":55,"turns":4},{"damage":53,"enemies":"The Heart","floor":56,"turns":11}],"seed_played":"4160154619694020380","neow_bonus_log":{"cardsObtained":["Loop"],"cardsUpgraded":[],"cardsRemoved":[],"cardsTransformed":["Strike_B"],"relicsObtained":[],"maxHpGained":0,"goldGained":0,"damageTaken":0,"goldLost":0,"maxHpLost":0},"potions_obtained":[{"floor":1,"key":"CultistPotion"},{"floor":3,"key":"Dexterity Potion"},{"floor":7,"key":"EssenceOfDarkness"},{"floor":14,"key":"FairyPotion"},{"floor":25,"key":"AttackPotion"},{"floor":29,"key":"EssenceOfSteel"},{"floor":31,"key":"GamblersBrew"},{"floor":41,"key":"SteroidPotion"},{"floor":46,"key":"Swift Potion"}],"is_trial":false,"path_per_floor":["M","?","M","M","M","R","E","R","T","?","M","?","$","E","R","B",null,"M","M","$","?","M","R","?","E","T","?","R","E","R","M","R","B",null,"M","M","?","?","M","E","?","$","T","E","R","E","M","M","R","B","B",null,"R","$","E","B",null],"character_chosen":"DEFECT","items_purchased":["Coolheaded","Defragment","Toolbox","Hologram","Lee\u0027s Waffle","LiquidMemories","Heatsinks"],"campfire_rested":0,"item_purchase_floors":[13,13,20,20,42,54,54],"current_hp_per_floor":[61,61,52,52,43,43,34,34,34,34,34,34,34,34,34,10,51,34,34,34,34,25,25,25,31,31,31,31,36,36,48,48,60,63,64,64,64,64,64,31,39,71,71,71,71,71,70,71,71,62,71,71,71,71,67,14],"gold":51,"neow_bonus":"TRANSFORM_CARD","is_prod":false,"is_daily":false,"rewards_skipped":[{"floor":35,"relics":[],"potions":["FairyPotion"]},{"floor":36,"relics":[],"potions":["SmokeBomb"]}],"chose_seed":false,"campfire_upgraded":9,"win_rate":0,"floor_exit_playtime":[200,238,315,370,434,445,670,677,694,728,806,811,888,948,955,1080,1260,1377,1433,1506,1527,1665,1696,1773,1975,1998,2015,2027,2191,2201,2290,2300,2466,2581,2665,2766,2856,2866,3084,3238,3344,3411,3417,3564,3571,3702,3791,3941,3947,4375,4483,4501,4514,4650,4800,5295],"timestamp":1654210660,"blue_key_relic_skipped_log":{"floor":43,"relicID":"Boot"},"path_taken":["M","?","M","M","M","R","E","R","T","?","M","?","$","E","R","BOSS","M","M","$","?","M","R","?","E","T","?","R","E","R","M","R","BOSS","M","M","?","?","M","E","?","$","T","E","R","E","M","M","R","BOSS","BOSS","R","$","E","BOSS"],"build_version":"2022-03-07","purchased_purges":2,"victory":true,"max_hp_per_floor":[71,71,71,71,71,71,71,71,71,71,71,64,64,64,64,64,64,64,64,64,64,64,64,64,64,64,64,64,64,64,64,64,64,64,64,64,64,64,64,64,64,71,71,71,71,71,71,71,71,71,71,71,71,71,71,71],"relic_stats":{"Girya":0,"Lee\u0027s Waffle":32,"Happy Flower":[24],"counters":[29,167],"Astrolabe":["Barrage","Reinforced Body","Rainbow"],"Pen Nib":[3],"Bag of Preparation":[2],"War Paint":["Amplify","Defend_B"],"Ancient Tea Set":[16],"Centennial Puzzle":[54],"Bloody Idol":43,"Prayer Wheel":3,"Bottled Lightning":"Consume","obtain_stats":[{"Girya":41,"Lee\u0027s Waffle":42,"Happy Flower":40,"Golden Idol":12,"Astrolabe":17,"Pen Nib":46,"Bag of Preparation":55,"War Paint":29,"Ancient Tea Set":9,"Centennial Puzzle":14,"CaptainsWheel":44,"Bloody Idol":24,"Toolbox":20,"Prayer Wheel":37,"Coffee Dripper":34,"Bottled Lightning":25,"Cracked Core":0,"StrikeDummy":7,"Pocketwatch":26},{"Girya":21,"Lee\u0027s Waffle":21,"Happy Flower":20,"Golden Idol":6,"Astrolabe":8,"Pen Nib":23,"Bag of Preparation":28,"War Paint":13,"Ancient Tea Set":5,"Centennial Puzzle":7,"CaptainsWheel":22,"Bloody Idol":11,"Toolbox":10,"Prayer Wheel":18,"Coffee Dripper":15,"Bottled Lightning":12,"Cracked Core":0,"StrikeDummy":5,"Pocketwatch":12},{"Girya":97,"Lee\u0027s Waffle":97,"Happy Flower":94,"Golden Idol":19,"Astrolabe":28,"Pen Nib":112,"Bag of Preparation":156,"War Paint":49,"Ancient Tea Set":16,"Centennial Puzzle":21,"CaptainsWheel":106,"Bloody Idol":39,"Toolbox":34,"Prayer Wheel":77,"Coffee Dripper":61,"Bottled Lightning":45,"Cracked Core":0,"StrikeDummy":16,"Pocketwatch":45}],"Pocketwatch":[186]},"card_choices":[{"not_picked":["Ball Lightning","FTL"],"picked":"Doom and Gloom","floor":1},{"not_picked":["Sunder","Streamline"],"picked":"Chill","floor":3},{"not_picked":["Barrage","Rip and Tear"],"picked":"Ball Lightning","floor":4},{"not_picked":["Leap","Coolheaded"],"picked":"Steam","floor":5},{"not_picked":["Creative AI","Coolheaded"],"picked":"Multi-Cast","floor":7},{"not_picked":["Hologram","Blizzard"],"picked":"Beam Cell","floor":11},{"not_picked":["Defragment","Beam Cell"],"picked":"Amplify","floor":14},{"not_picked":["Multi-Cast","All For One"],"picked":"Electrodynamics","floor":16},{"not_picked":["White Noise","Coolheaded"],"picked":"Chill","floor":18},{"not_picked":["Lockon","Cold Snap"],"picked":"Self Repair","floor":19},{"not_picked":["FTL","Steam Power","Defragment","Chill","Reinforced Body","Lockon","Glacier","Rebound","Go for the Eyes","Leap","Conserve Battery","Skim","Blizzard","Darkness","Stack","Gash","Ball Lightning","Coolheaded","Chaos"],"picked":"Turbo","floor":21},{"not_picked":["Auto Shields","Chill","Steam"],"picked":"SKIP","floor":22},{"not_picked":["Self Repair+1","Recycle"],"picked":"Consume+1","floor":25},{"not_picked":["Rebound","Steam Power+1"],"picked":"Capacitor","floor":29},{"not_picked":["Beam Cell","Leap","Turbo"],"picked":"SKIP","floor":31},{"not_picked":["All For One","Core Surge"],"picked":"Biased Cognition","floor":33},{"not_picked":["Stack","Cold Snap","Compile Driver"],"picked":"SKIP","floor":35},{"not_picked":["Cold Snap","Reinforced Body"],"picked":"Lockon+1","floor":36},{"not_picked":["Gash","Rebound","Sweeping Beam"],"picked":"SKIP","floor":37},{"not_picked":["Ball Lightning","Go for the Eyes"],"picked":"Glacier","floor":39},{"not_picked":["Chaos","Buffer"],"picked":"Double Energy+1","floor":39},{"not_picked":["Genetic Algorithm","Lockon","Steam+1"],"picked":"SKIP","floor":40},{"not_picked":["Hello World","Sweeping Beam"],"picked":"Recycle","floor":41},{"not_picked":["Beam Cell+1","Cold Snap"],"picked":"Hologram","floor":44},{"not_picked":["Turbo","Go for the Eyes"],"picked":"Creative AI","floor":46},{"not_picked":["Consume","Barrage","Rebound"],"picked":"SKIP","floor":47},{"not_picked":["Ball Lightning","Barrage","Redo"],"picked":"SKIP","floor":47},{"not_picked":["Conserve Battery","Beam Cell+1"],"picked":"Skim","floor":48},{"not_picked":["Heatsinks","Stack"],"picked":"Go for the Eyes","floor":48},{"not_picked":["Go for the Eyes","Consume"],"picked":"Creative AI","floor":55}],"player_experience":7058621,"relics_obtained":[{"floor":7,"key":"StrikeDummy"},{"floor":9,"key":"Ancient Tea Set"},{"floor":14,"key":"Centennial Puzzle"},{"floor":25,"key":"Bottled Lightning"},{"floor":26,"key":"Pocketwatch"},{"floor":29,"key":"War Paint"},{"floor":37,"key":"Prayer Wheel"},{"floor":40,"key":"Happy Flower"},{"floor":41,"key":"Girya"},{"floor":44,"key":"CaptainsWheel"},{"floor":46,"key":"Pen Nib"},{"floor":55,"key":"Bag of Preparation"}],"event_choices":[{"damage_healed":0,"gold_gain":0,"player_choice":"Grow","damage_taken":0,"max_hp_gain":0,"max_hp_loss":0,"event_name":"Living Wall","floor":2,"gold_loss":0,"cards_upgraded":["Doom and Gloom"]},{"cards_removed":["Zap"],"damage_healed":0,"gold_gain":0,"player_choice":"Card Removal","damage_taken":0,"max_hp_gain":0,"max_hp_loss":0,"event_name":"The Cleric","floor":10,"gold_loss":75},{"damage_healed":0,"gold_gain":0,"player_choice":"Lose Max HP","damage_taken":0,"relics_obtained":["Golden Idol"],"max_hp_gain":0,"max_hp_loss":7,"event_name":"Golden Idol","floor":12,"gold_loss":0},{"damage_healed":0,"gold_gain":0,"player_choice":"Read","damage_taken":0,"max_hp_gain":0,"max_hp_loss":0,"event_name":"The Library","floor":21,"gold_loss":0,"cards_obtained":["Turbo"]},{"damage_healed":0,"gold_gain":0,"player_choice":"Gave Idol","damage_taken":0,"relics_obtained":["Bloody Idol"],"max_hp_gain":0,"max_hp_loss":0,"event_name":"Forgotten Altar","floor":24,"relics_lost":["Golden Idol"],"gold_loss":0},{"damage_healed":0,"gold_gain":0,"player_choice":"Fight","damage_taken":0,"max_hp_gain":0,"max_hp_loss":0,"event_name":"MindBloom","floor":37,"gold_loss":0},{"damage_healed":0,"gold_gain":0,"player_choice":"Ignored","damage_taken":0,"max_hp_gain":0,"max_hp_loss":0,"event_name":"Tomb of Lord Red Mask","floor":38,"gold_loss":0},{"damage_healed":0,"gold_gain":0,"player_choice":"Fight","damage_taken":0,"max_hp_gain":0,"max_hp_loss":0,"event_name":"Mysterious Sphere","floor":41,"gold_loss":0}],"is_beta":false,"boss_relics":[{"not_picked":["Ectoplasm","Empty Cage"],"picked":"Astrolabe"},{"not_picked":["Snecko Eye","Nuclear Battery"],"picked":"Coffee Dripper"}],"items_purged_floors":[42,54],"is_endless":false,"potions_floor_spawned":[1,3,7,14,25,29,31,35,36,41,46],"ascension_level":20,"potion_discard_per_floor":[[],[],[],[],[],[],[],[],[],[],[],[],[],[],[],[],[],[],[],[],[],[],[],[],[],[],[],[],[],[],["EssenceOfSteel"],[],[],[],[],[],[],[],[],[],[],[],[],[],[],["SteroidPotion"],[],[],[],[],[],[],[],[],[],[],[]]}