{"neow_bonuses_skipped_log":["ONE_RANDOM_RARE_CARD","RANDOM_COLORLESS_2","BOSS_RELIC"],"neow_costs_skipped_log":["NONE","PERCENT_DAMAGE","NONE"],"gold_per_floor":[113,113,388,403,52,82,82,114,138,155,155,167,197,210,210,286,286,298,298,14,31,43,43,77,77,77,105,105,135,155,155,155,226,226,240,240,240,257,268,300,320,346,394,420,435,448,448,462,462,462,462,462,462,75,101,101],"floor_reached":57,"playtime":3458,"items_purged":["Regret","Zap"],"score":3244,"play_id":"76f8be11-967d-45f7-9ed9-b72e91467640","local_time":"20220604150025","is_ascension_mode":true,"campfire_choices":[{"data":"Doom and Gloom","floor":7,"key":"SMITH"},{"data":"Rip and Tear","floor":11,"key":"SMITH"},{"data":"Undo","floor":15,"key":"SMITH"},{"data":"Buffer","floor":23,"key":"SMITH"},{"data":"Sweeping Beam","floor":25,"key":"SMITH"},{"floor":28,"key":"REST"},{"data":"Leap","floor":32,"key":"SMITH"},{"floor":47,"key":"RECALL"},{"data":"Meteor Strike","floor":49,"key":"SMITH"},{"data":"Sunder","floor":53,"key":"SMITH"}],"neow_cost":"NONE","seed_source_timestamp":1835597796402800,"shop_contents":[{"floor":5,"relics":["Happy Flower","Lee\u0027s Waffle"],"cards":["Ball Lightning","Coolheaded","Static Discharge","Finesse","The Bomb"],"potions":["SteroidPotion","SkillPotion","SmokeBomb"]},{"floor":20,"relics":["Sundial","Toolbox"],"cards":["Go for the Eyes","Sweeping Beam","Leap","Turbo","Heatsinks","Good Instincts","Sadistic Nature"],"potions":["PowerPotion","LiquidMemories","Block Potion"]},{"floor":54,"relics":["Orichalcum","Strange Spoon"],"cards":["Ball Lightning","Melter","White Noise+1","Turbo+1","Heatsinks","Madness+1","Magnetism"],"potions":["Ancient Potion","Strength Potion","EssenceOfDarkness"]}],"circlet_count":0,"master_deck":["AscendersBane","Strike_B+1","Strike_B+1","Strike_B+1","Defend_B+1","Defend_B+1","Defend_B+1","Defend_B+1","Dualcast","Rip and Tear+1","Beam Cell+1","Doom and Gloom+1","Leap+1","Gash","Undo+1","Beam Cell+1","Echo Form","Buffer+1","Rebound","Sweeping Beam+1","Turbo+1","Gash+1","Gash","Echo Form","Machine Learning","Force Field+1","Doom and Gloom","Sunder+1","Meteor Strike+1","Undo+1","Leap+1","Go for the Eyes"],"potion_use_per_floor":[[],[],[],[],[],[],[],["BlessingOfTheForge"],[],[],[],[],[],[],[],[],[],["ColorlessPotion"],[],[],[],[],[],["Fire Potion"],[],[],[],[],["CultistPotion","LiquidMemories"],[],[],[],[],[],["FearPotion"],[],[],[],[],[],[],[],[],[],[],["BlessingOfTheForge"],[],[],[],[],[],[],[],[],["DuplicationPotion"],["Ancient Potion"],[]],"relics":["Cracked Core","NeowsBlessing","Akabeko","Pen Nib","Mercury Hourglass","Nunchaku","Matryoshka","Black Star","Gremlin Horn","Whetstone","Eternal Feather","Kunai","Question Card","Toxic Egg 2","Du-Vu Doll","Dream Catcher","Lantern","Snecko Eye","MealTicket","HornCleat","Omamori","Boot","StrikeDummy","Toy Ornithopter","Pear","PreservedInsect","Bottled Tornado","Symbiotic Virus","Bag of Preparation"],"potions_floor_usage":[8,18,24,29,29,35,46,55,56],"damage_taken":[{"damage":0,"enemies":"Small Slimes","floor":1,"turns":1},{"damage":0,"enemies":"Cultist","floor":4,"turns":1},{"damage":0,"enemies":"3 Sentries","floor":6,"turns":1},{"damage":10,"enemies":"Lagavulin","floor":8,"turns":4},{"damage":0,"enemies":"2 Louse","floor":10,"turns":2},{"damage":0,"enemies":"2 Fungi Beasts","floor":12,"turns":2},{"damage":0,"enemies":"3 Sentries","floor":13,"turns":3},{"damage":0,"enemies":"Red Slaver","floor":14,"turns":1},{"damage":14,"enemies":"Hexaghost","floor":16,"turns":6},{"damage":13,"enemies":"2 Thieves","floor":18,"turns":3},{"damage":0,"enemies":"Chosen","floor":21,"turns":3},{"damage":4,"enemies":"Sentry and Sphere","floor":22,"turns":6},{"damage":12,"enemies":"Slavers","floor":24,"turns":6},{"damage":27,"enemies":"Gremlin Leader","floor":27,"turns":5},{"damage":7,"enemies":"Book of Stabbing","floor":29,"turns":3},{"damage":0,"enemies":"3 Cultists","floor":30,"turns":4},{"damage":6,"enemies":"Automaton","floor":33,"turns":6},{"damage":25,"enemies":"3 Darklings","floor":35,"turns":3},{"damage":3,"enemies":"Orb Walker","floor":38,"turns":3},{"damage":0,"enemies":"Spire Growth","floor":39,"turns":4},{"damage":0,"enemies":"Giant Head","floor":40,"turns":7},{"damage":4,"enemies":"Writhing Mass","floor":41,"turns":8},{"damage":8,"enemies":"Reptomancer","floor":42,"turns":6},{"damage":0,"enemies":"Giant Head","floor":44,"turns":6},{"damage":0,"enemies":"Jaw Worm Horde","floor":45,"turns":3},{"damage":0,"enemies":"Spire Growth","floor":46,"turns":3},{"damage":0,"enemies":"3 Darklings","floor":48,"turns":3},{"damage":11,"enemies":"Donu and Deca","floor":50,"turns":6},{"damage":0,"enemies":"Time Eater","floor":51,"turns":7},{"damage":0,"enemies":"Shield and Spear","floor":55,"turns":3},{"damage":42,"enemies":"The Heart","floor":56,"turns":9}],"seed_played":"7078778387947352705","neow_bonus_log":{"cardsObtained":[],"cardsUpgraded":[],"cardsRemoved":[],"cardsTransformed":[],"relicsObtained":["NeowsBlessing"],"maxHpGained":0,"goldGained":0,"damageTaken":0,"goldLost":0,"maxHpLost":0},"potions_obtained":[{"floor":1,"key":"Fire Potion"},{"floor":4,"key":"BlessingOfTheForge"},{"floor":10,"key":"ColorlessPotion"},{"floor":18,"key":"LiquidMemories"},{"floor":27,"key":"CultistPotion"},{"floor":30,"key":"FocusPotion"},{"floor":33,"key":"FearPotion"},{"floor":38,"key":"BlessingOfTheForge"},{"floor":39,"key":"DuplicationPotion"},{"floor":48,"key":"Ancient Potion"}],"is_trial":false,"path_per_floor":["M","?","?","M","$","E","R","E","T","M","R","M","E","M","R","B",null,"M","?","$","M","M","R","E","R","T","E","R","E","M","?","R","B",null,"M","?","T","M","M","E","M","E","T","E","M","M","R","M","R","B","B",null,"R","$","E","B",null],"character_chosen":"DEFECT","items_purchased":["Doom and Gloom","Akabeko","Leap","Gremlin Horn","Bottled Tornado"],"campfire_rested":1,"item_purchase_floors":[5,5,5,20,54],"current_hp_per_floor":[64,57,57,57,57,57,57,47,47,47,47,47,47,47,47,33,62,49,49,49,49,45,45,33,45,45,18,51,44,44,44,59,53,67,42,42,42,39,39,39,35,27,27,37,37,42,60,60,77,66,66,74,77,77,77,37],"gold":101,"neow_bonus":"THREE_ENEMY_KILL","is_prod":false,"is_daily":false,"rewards_skipped":[{"floor":14,"relics":[],"potions":["EssenceOfSteel"]},{"floor":22,"relics":[],"potions":["Explosive Potion"]},{"floor":41,"relics":[],"potions":["Dexterity Potion"]},{"floor":45,"relics":[],"potions":["FocusPotion"]}],"chose_seed":false,"campfire_upgraded":8,"win_rate":0,"floor_exit_playtime":[106,115,127,170,263,311,322,399,410,443,461,496,557,584,595,691,823,885,907,943,1007,1126,1133,1242,1250,1266,1390,1403,1490,1559,1572,1581,1731,1823,1891,1896,1901,1947,2018,2123,2228,2389,2393,2501,2570,2619,2623,2706,2716,2819,2976,3018,3032,3084,3186,3458],"timestamp":1654369225,"blue_key_relic_skipped_log":{"floor":43,"relicID":"Vajra"},"path_taken":["M","?","?","M","$","E","R","E","T","M","R","M","E","?","R","BOSS","M","?","$","M","M","R","E","R","T","E","R","E","M","?","R","BOSS","M","?","?","M","?","E","M","E","T","E","?","M","R","M","R","BOSS","BOSS","R","$","E","BOSS"],"build_version":"2022-03-07","purchased_purges":2,"victory":true,"max_hp_per_floor":[71,71,71,71,71,71,71,71,71,71,71,71,71,71,71,71,71,71,71,71,71,71,71,71,71,71,71,71,71,71,71,71,71,71,71,67,67,67,67,67,67,67,67,77,77,77,77,77,77,77,77,77,77,77,77,77],"relic_stats":{"Gremlin Horn":[25,25],"counters":[31,128],"Eternal Feather":77,"Pen Nib":[33],"PreservedInsect":77,"Omamori":1,"Bag of Preparation":[2],"Whetstone":["Beam Cell","Beam Cell"],"Bottled Tornado":"Echo Form","Question Card":15,"Boot":[11],"Mercury Hourglass":[465],"Nunchaku":[32],"Dream Catcher":0,"Matryoshka":2,"Snecko Eye":[123,134,125,123,-137],"MealTicket":0,"Black Star":7,"Kunai":[56],"obtain_stats":[{"Lantern":29,"Gremlin Horn":20,"Bag of Preparation":55,"Whetstone":24,"Bottled Tornado":54,"Boot":40,"Nunchaku":9,"Dream Catcher":29,"Matryoshka":13,"HornCleat":37,"MealTicket":37,"Kunai":26,"Toxic Egg 2":27,"Cracked Core":0,"Pear":44,"NeowsBlessing":0,"Eternal Feather":24,"Pen Nib":6,"PreservedInsect":44,"Omamori":40,"Question Card":26,"Akabeko":5,"Mercury Hourglass":8,"Du-Vu Doll":27,"Snecko Eye":34,"Black Star":17,"StrikeDummy":42,"Symbiotic Virus":55,"Toy Ornithopter":42},{"Lantern":15,"Gremlin Horn":10,"Bag of Preparation":30,"Whetstone":13,"Bottled Tornado":29,"Boot":21,"Nunchaku":4,"Dream Catcher":15,"Matryoshka":7,"HornCleat":18,"MealTicket":18,"Kunai":13,"Toxic Egg 2":14,"Cracked Core":0,"Pear":24,"NeowsBlessing":0,"Eternal Feather":13,"Pen Nib":3,"PreservedInsect":24,"Omamori":21,"Question Card":13,"Akabeko":2,"Mercury Hourglass":4,"Du-Vu Doll":14,"Snecko Eye":17,"Black Star":9,"StrikeDummy":23,"Symbiotic Virus":30,"Toy Ornithopter":23},{"Lantern":47,"Gremlin Horn":24,"Bag of Preparation":119,"Whetstone":39,"Bottled Tornado":116,"Boot":74,"Nunchaku":7,"Dream Catcher":47,"Matryoshka":14,"HornCleat":60,"MealTicket":60,"Kunai":39,"Toxic Egg 2":44,"Cracked Core":0,"Pear":94,"NeowsBlessing":0,"Eternal Feather":39,"Pen Nib":3,"PreservedInsect":94,"Omamori":74,"Question Card":39,"Akabeko":2,"Mercury Hourglass":7,"Du-Vu Doll":44,"Snecko Eye":57,"Black Star":21,"StrikeDummy":88,"Symbiotic Virus":119,"Toy Ornithopter":88}],"Toy Ornithopter":7},"card_choices":[{"not_picked":["Reinforced Body","Loop"],"picked":"Rip and Tear","floor":1},{"not_picked":["Coolheaded","Compile Driver"],"picked":"Beam Cell","floor":4},{"not_picked":["Leap","Hello World"],"picked":"Gash","floor":6},{"not_picked":["Streamline","Beam Cell"],"picked":"Undo","floor":8},{"not_picked":["Steam","Streamline"],"picked":"Beam Cell","floor":10},{"not_picked":["Coolheaded","Hologram"],"picked":"Echo Form","floor":13},{"not_picked":["Sweeping Beam","Fusion","Lockon"],"picked":"SKIP","floor":14},{"not_picked":["Creative AI","Rainbow"],"picked":"Buffer","floor":16},{"not_picked":["Skim","Force Field"],"picked":"Rebound","floor":18},{"not_picked":["Cold Snap","Heatsinks","Leap+1"],"picked":"SKIP","floor":21},{"not_picked":["Doom and Gloom","Leap","Stack+1"],"picked":"SKIP","floor":22},{"not_picked":["Leap","Barrage"],"picked":"Sweeping Beam","floor":24},{"not_picked":["Loop","Core Surge","Glacier+1"],"picked":"Turbo+1","floor":27},{"not_picked":["Rip and Tear","Hello World+1","Leap+1"],"picked":"Gash+1","floor":29},{"not_picked":["Compile Driver","Stack+1","Cold Snap"],"picked":"Gash","floor":30},{"not_picked":["Echo Form","Thunder Strike","Fission+1"],"picked":"Machine Learning","floor":33},{"not_picked":["Chaos+1","Rip and Tear","Gash","Redo+1"],"picked":"SKIP","floor":35},{"not_picked":["Conserve Battery+1","Leap+1","Gash"],"picked":"Force Field+1","floor":38},{"not_picked":["Barrage","Turbo+1","Cold Snap"],"picked":"Doom and Gloom","floor":39},{"not_picked":["Coolheaded+1","Turbo+1","Compile Driver+1"],"picked":"Sunder","floor":41},{"not_picked":["Defragment","Compile Driver","Static Discharge+1","Chill+1"],"picked":"SKIP","floor":42},{"not_picked":["Consume+1","Conserve Battery+1","Core Surge"],"picked":"Meteor Strike","floor":44},{"not_picked":["Sweeping Beam","Glacier+1","Consume+1","Ball Lightning+1"],"picked":"SKIP","floor":45},{"not_picked":["Stack+1","Rebound","White Noise+1"],"picked":"Undo+1","floor":46},{"not_picked":["Aggregate+1","Barrage","Steam+1"],"picked":"Leap+1","floor":48},{"not_picked":["Cold Snap","Genetic Algorithm+1","Steam+1"],"picked":"Go for the Eyes","floor":55}],"player_experience":7085310,"relics_obtained":[{"floor":6,"key":"Pen Nib"},{"floor":8,"key":"Mercury Hourglass"},{"floor":9,"key":"Nunchaku"},{"floor":13,"key":"Matryoshka"},{"floor":24,"key":"Whetstone"},{"floor":24,"key":"Eternal Feather"},{"floor":26,"key":"Kunai"},{"floor":26,"key":"Question Card"},{"floor":27,"key":"Toxic Egg 2"},{"floor":27,"key":"Du-Vu Doll"},{"floor":29,"key":"Dream Catcher"},{"floor":29,"key":"Lantern"},{"floor":37,"key":"MealTicket"},{"floor":37,"key":"HornCleat"},{"floor":40,"key":"Omamori"},{"floor":40,"key":"Boot"},{"floor":42,"key":"StrikeDummy"},{"floor":42,"key":"Toy Ornithopter"},{"floor":44,"key":"Pear"},{"floor":44,"key":"PreservedInsect"},{"floor":55,"key":"Symbiotic Virus"},{"floor":55,"key":"Bag of Preparation"}],"event_choices":[{"cards_removed":["Strike_B"],"damage_healed":0,"gold_gain":0,"player_choice":"Card Removal","damage_taken":7,"max_hp_gain":0,"max_hp_loss":0,"event_name":"Golden Wing","floor":2,"gold_loss":0},{"damage_healed":0,"gold_gain":275,"player_choice":"Desecrate","damage_taken":0,"max_hp_gain":0,"max_hp_loss":0,"event_name":"Golden Shrine","floor":3,"gold_loss":0,"cards_obtained":["Regret"]},{"damage_healed":0,"gold_gain":0,"player_choice":"Simplicity","damage_taken":0,"max_hp_gain":0,"max_hp_loss":0,"event_name":"Back to Basics","floor":19,"gold_loss":0,"cards_upgraded":["Strike_B","Strike_B","Strike_B","Defend_B","Defend_B","Defend_B","Defend_B"]},{"damage_healed":0,"gold_gain":0,"player_choice":"Copied","damage_taken":0,"max_hp_gain":0,"max_hp_loss":0,"event_name":"Duplicator","floor":31,"gold_loss":0,"cards_obtained":["Echo Form"]},{"damage_healed":0,"gold_gain":0,"player_choice":"Max HP","damage_taken":0,"max_hp_gain":0,"max_hp_loss":4,"event_name":"Winding Halls","floor":36,"gold_loss":0}],"is_beta":false,"boss_relics":[{"not_picked":["Empty Cage","Ectoplasm"],"picked":"Black Star"},{"not_picked":["Tiny House","SacredBark"],"picked":"Snecko Eye"}],"items_purged_floors":[5,54],"is_endless":false,"potions_floor_spawned":[1,4,10,14,18,22,27,30,33,38,39,41,45,48],"ascension_level":20,"potion_discard_per_floor":[[],[],[],[],[],[],[],[],[],[],[],[],[],[],[],[],[],[],[],[],[],[],[],[],[],[],[],[],[],[],[],[],[],[],[],[],[],[],["FocusPotion"],[],[],[],[],[],[],[],[],[],[],[],[],[],[],[],[],[],[]]}