{"neow_bonuses_skipped_log":["REMOVE_CARD","RANDOM_COMMON_RELIC","TWENTY_PERCENT_HP_BONUS"],"neow_costs_skipped_log":["NONE","NONE","CURSE"],"gold_per_floor":[110,110,66,76,1,1,56,91,114,114,149,167,167,178,178,249,249,266,266,266,59,69,96,96,13,93,111,122,155,155,65,65,138,138,158,158,1157,1168,1182,1182,1217,1217,1217,1231,1256,1269,688,715,715,715,715,715,715,126,151,151],"floor_reached":57,"playtime":4944,"items_purged":["Strike_B","Strike_B","Strike_B","Zap","Defend_B"],"score":3347,"play_id":"75e869ee-041f-4dd2-8187-e978db1f6d11","local_time":"20220616144522","score_breakdown":["Floors Climbed (57): 285","Enemies Slain (13): 26","Exordium Elites Killed (2): 20","City Elites Killed (2): 40","Beyond Elites Killed (3): 90","Bosses Slain (5): 750","I Like Shiny: 50","Money Money (1741): 25","Champion (7): 175","Perfect (2): 100","C-c-c-combo: 25","Ascension (20): 1511","Heartbreaker: 250"],"is_ascension_mode":true,"campfire_choices":[{"data":"Dualcast","floor":6,"key":"SMITH"},{"data":"Doom and Gloom","floor":10,"key":"SMITH"},{"data":"Go for the Eyes","floor":13,"key":"SMITH"},{"data":"Electrodynamics","floor":15,"key":"SMITH"},{"data":"Beam Cell","floor":24,"key":"SMITH"},{"data":"Reboot","floor":30,"key":"SMITH"},{"data":"Seek","floor":32,"key":"SMITH"},{"data":"Hologram","floor":40,"key":"SMITH"},{"data":"Defragment","floor":42,"key":"SMITH"},{"floor":49,"key":"RECALL"},{"data":"Multi-Cast","floor":53,"key":"SMITH"}],"neow_cost":"NONE","seed_source_timestamp":2869950506557400,"shop_contents":[{"floor":3,"relics":["CeramicFish","PreservedInsect","Lee\u0027s Waffle"],"cards":["Gash","Force Field","Conserve Battery","Hello World","Dark Shackles","Transmutation"],"potions":["Weak Potion","FearPotion","SteroidPotion"]},{"floor":5,"relics":["Ancient Tea Set","Pantograph","Chemical X"],"cards":["Blizzard","Rip and Tear","Darkness","Redo","Static Discharge","Dark Shackles","Panache"],"potions":["LiquidMemories","Strength Potion","Dexterity Potion"]},{"floor":21,"relics":["Happy Flower","StoneCalendar"],"cards":["Streamline","Ball Lightning","Rainbow","Consume","Storm","Purity","Transmutation"],"potions":["Weak Potion","LiquidBronze","LiquidBronze"]},{"floor":25,"relics":["Turnip","StrikeDummy","Toolbox"],"cards":["Rebound","Steam","Leap","Heatsinks","Discovery","Chrysalis"],"potions":["FocusPotion","Ancient Potion","ColorlessPotion"]},{"floor":31,"relics":["Regal Pillow","MealTicket","Orrery"],"cards":["Beam Cell","Hyperbeam","Stack","Static Discharge","Good Instincts","Secret Technique"],"potions":["LiquidMemories","GamblersBrew","FocusPotion"]},{"floor":47,"relics":[],"cards":["Ball Lightning","Sweeping Beam","Redo+1","Storm","Forethought+1","Transmutation+1"],"potions":["Block Potion"]},{"floor":54,"relics":[],"cards":["Streamline","Lockon","Storm","Blind+1"],"potions":["BlessingOfTheForge","ColorlessPotion"]}],"circlet_count":0,"master_deck":["AscendersBane","Defend_B","Defend_B","Defend_B","Dualcast+1","Melter","Doom and Gloom+1","Go for the Eyes+1","Beam Cell+1","Electrodynamics+1","Rebound","Conserve Battery","Conserve Battery","Necronomicurse","FTL","Reboot+1","Seek+1","All For One","Defragment+1","Hologram+1","Cold Snap+1","Glacier","Multi-Cast+1","Turbo+1","Chill+1","Coolheaded+1","Secret Weapon+1","Darkness+1"],"potion_use_per_floor":[[],[],[],["SkillPotion"],[],[],[],["Strength Potion"],[],[],[],[],[],[],[],[],[],[],[],[],[],[],["DuplicationPotion"],[],[],[],[],[],[],[],[],[],[],[],[],[],[],[],[],[],[],[],[],[],[],["Block Potion"],[],[],[],[],[],[],[],[],["DistilledChaos"],["ColorlessPotion","Ancient Potion","EssenceOfDarkness","GamblersBrew"],[]],"relics":["Runic Pyramid","Anchor","Kunai","Vajra","DataDisk","SlaversCollar","Necronomicon","Membership Card","Omamori","Orichalcum","Black Star","Art of War","Potion Belt","Akabeko","Bird Faced Urn","Boot","FossilizedHelix","Frozen Eye","Toxic Egg 2","Strawberry","Blood Vial","Runic Capacitor","Symbiotic Virus","Nunchaku","Torii","Mummified Hand"],"potions_floor_usage":[4,8,23,46,55,56,56,56,56],"damage_taken":[{"damage":10,"enemies":"Small Slimes","floor":1,"turns":3},{"damage":0,"enemies":"Jaw Worm","floor":4,"turns":3},{"damage":10,"enemies":"3 Sentries","floor":7,"turns":6},{"damage":3,"enemies":"Gremlin Nob","floor":8,"turns":3},{"damage":0,"enemies":"Lagavulin","floor":11,"turns":5},{"damage":0,"enemies":"2 Louse","floor":12,"turns":2},{"damage":0,"enemies":"Looter","floor":14,"turns":2},{"damage":0,"enemies":"The Guardian","floor":16,"turns":8},{"damage":0,"enemies":"Chosen","floor":18,"turns":3},{"damage":1,"enemies":"3 Byrds","floor":22,"turns":2},{"damage":0,"enemies":"Slavers","floor":23,"turns":2},{"damage":0,"enemies":"Centurion and Healer","floor":27,"turns":4},{"damage":9,"enemies":"Shelled Parasite and Fungi","floor":28,"turns":3},{"damage":0,"enemies":"Gremlin Leader","floor":29,"turns":4},{"damage":19,"enemies":"Champ","floor":33,"turns":7},{"damage":0,"enemies":"3 Shapes","floor":35,"turns":4},{"damage":0,"enemies":"Orb Walker","floor":38,"turns":2},{"damage":0,"enemies":"Jaw Worm Horde","floor":39,"turns":2},{"damage":0,"enemies":"Giant Head","floor":41,"turns":6},{"damage":0,"enemies":"Sphere and 2 Shapes","floor":44,"turns":2},{"damage":0,"enemies":"Nemesis","floor":45,"turns":5},{"damage":11,"enemies":"3 Darklings","floor":46,"turns":3},{"damage":0,"enemies":"Giant Head","floor":48,"turns":6},{"damage":0,"enemies":"Time Eater","floor":50,"turns":6},{"damage":37,"enemies":"Donu and Deca","floor":51,"turns":6},{"damage":0,"enemies":"Shield and Spear","floor":55,"turns":5},{"damage":29,"enemies":"The Heart","floor":56,"turns":7}],"seed_played":"-594242331106003417","neow_bonus_log":{"cardsObtained":[],"cardsUpgraded":[],"cardsRemoved":[],"cardsTransformed":[],"relicsObtained":["Runic Pyramid"],"maxHpGained":0,"goldGained":0,"damageTaken":0,"goldLost":0,"maxHpLost":0},"potions_obtained":[{"floor":1,"key":"SkillPotion"},{"floor":4,"key":"Strength Potion"},{"floor":7,"key":"DuplicationPotion"},{"floor":14,"key":"AttackPotion"},{"floor":28,"key":"BlessingOfTheForge"},{"floor":29,"key":"Block Potion"},{"floor":41,"key":"SteroidPotion"},{"floor":45,"key":"GamblersBrew"},{"floor":46,"key":"Weak Potion"},{"floor":55,"key":"ColorlessPotion"}],"is_trial":false,"path_per_floor":["M","?","$","M","$","R","?","E","T","R","E","M","R","M","R","B",null,"M","?","?","$","M","E","R","$","T","M","M","E","R","$","R","B",null,"M","?","?","M","M","R","E","R","T","M","E","M","$","E","R","B","B",null,"R","$","E","B",null],"character_chosen":"DEFECT","items_purchased":["Doom and Gloom","Membership Card","FTL","Seek","FossilizedHelix","Frozen Eye","Toxic Egg 2","Turbo+1","DistilledChaos","EssenceOfDarkness","Runic Capacitor","Symbiotic Virus","Chill+1","Coolheaded+1","Secret Weapon+1","Nunchaku","Ancient Potion"],"campfire_rested":0,"item_purchase_floors":[3,21,25,31,47,47,47,47,47,47,54,54,54,54,54,54,54],"current_hp_per_floor":[54,47,47,47,47,47,37,34,34,34,34,34,34,34,34,34,62,62,41,71,71,70,70,70,70,70,70,61,61,61,61,61,42,64,64,64,64,64,64,64,64,64,64,64,64,57,57,68,68,72,37,65,65,65,71,47],"gold":151,"neow_bonus":"BOSS_RELIC","is_prod":false,"is_daily":false,"rewards_skipped":[{"floor":18,"relics":[],"potions":["EssenceOfSteel"]}],"chose_seed":false,"campfire_upgraded":10,"win_rate":0,"floor_exit_playtime":[175,190,251,373,423,429,556,733,748,804,923,964,971,1007,1018,1221,1336,1378,1398,1414,1436,1491,1556,1566,1600,1606,1685,1754,1872,1878,1957,1961,2109,2183,2234,2282,2299,2326,2361,2370,2523,2532,2536,2595,2688,2768,3129,3301,3305,3439,3692,3709,3725,3844,4405,4944],"timestamp":1655405122,"blue_key_relic_skipped_log":{"floor":26,"relicID":"Darkstone Periapt"},"path_taken":["M","?","?","M","$","R","?","E","T","R","E","M","R","M","R","BOSS","M","?","?","$","?","E","R","$","T","M","M","E","R","$","R","BOSS","M","?","?","?","M","R","E","R","T","M","E","M","$","E","R","BOSS","BOSS","R","$","E","BOSS"],"build_version":"2022-03-07","purchased_purges":5,"victory":true,"max_hp_per_floor":[71,71,71,71,71,71,71,71,71,71,71,71,71,71,71,71,71,71,71,71,71,71,71,71,71,71,71,71,71,71,71,71,71,71,71,67,67,67,67,67,67,67,67,67,67,67,67,74,74,74,74,74,74,74,74,74],"relic_stats":{"Torii":7,"counters":[27,111],"Omamori":2,"Orichalcum":[66],"Boot":[6],"Blood Vial":8,"Frozen Eye":216.04523,"Nunchaku":[3],"Mummified Hand":[3],"Bird Faced Urn":[17],"Necronomicon":[37],"Black Star":4,"Art of War":[10],"Kunai":[57],"Membership Card":1383,"obtain_stats":[{"Torii":55,"Vajra":9,"Runic Capacitor":54,"Boot":45,"Blood Vial":48,"Frozen Eye":47,"Nunchaku":54,"Mummified Hand":55,"Strawberry":48,"Necronomicon":19,"Kunai":8,"Toxic Egg 2":47,"Cracked Core":0,"Runic Pyramid":0,"Potion Belt":41,"Omamori":23,"Orichalcum":29,"Akabeko":43,"SlaversCollar":17,"Anchor":7,"DataDisk":11,"Bird Faced Urn":45,"Black Star":34,"Art of War":41,"Membership Card":21,"Symbiotic Virus":54,"FossilizedHelix":47},{"Torii":26,"Vajra":4,"Runic Capacitor":25,"Boot":21,"Blood Vial":23,"Frozen Eye":22,"Nunchaku":25,"Mummified Hand":26,"Strawberry":23,"Necronomicon":9,"Kunai":4,"Toxic Egg 2":22,"Cracked Core":0,"Runic Pyramid":0,"Potion Belt":19,"Omamori":11,"Orichalcum":14,"Akabeko":19,"SlaversCollar":8,"Anchor":3,"DataDisk":5,"Bird Faced Urn":21,"Black Star":15,"Art of War":19,"Membership Card":9,"Symbiotic Virus":25,"FossilizedHelix":22},{"Torii":104,"Vajra":15,"Runic Capacitor":99,"Boot":78,"Blood Vial":87,"Frozen Eye":81,"Nunchaku":99,"Mummified Hand":104,"Strawberry":87,"Necronomicon":35,"Kunai":15,"Toxic Egg 2":81,"Cracked Core":0,"Runic Pyramid":0,"Potion Belt":71,"Omamori":39,"Orichalcum":50,"Akabeko":71,"SlaversCollar":32,"Anchor":12,"DataDisk":20,"Bird Faced Urn":78,"Black Star":57,"Art of War":71,"Membership Card":35,"Symbiotic Virus":99,"FossilizedHelix":81}],"FossilizedHelix":[84]},"card_choices":[{"not_picked":["Hello World","Defragment"],"picked":"Melter","floor":1},{"not_picked":["Genetic Algorithm","Scrape"],"picked":"Go for the Eyes","floor":4},{"not_picked":["Barrage","Aggregate","Stack"],"picked":"SKIP","floor":7},{"not_picked":["Hologram","Steam"],"picked":"Beam Cell","floor":8},{"not_picked":["Fission","Coolheaded"],"picked":"Electrodynamics","floor":11},{"not_picked":["Storm","Streamline"],"picked":"Rebound","floor":12},{"not_picked":["Gash","Tempest"],"picked":"Conserve Battery","floor":14},{"not_picked":["Barrage","Doom and Gloom"],"picked":"Conserve Battery","floor":18},{"not_picked":["Compile Driver","Static Discharge","Beam Cell"],"picked":"SKIP","floor":22},{"not_picked":["Compile Driver","Static Discharge","Beam Cell"],"picked":"SKIP","floor":22},{"not_picked":["Undo","Storm","Loop"],"picked":"SKIP","floor":23},{"not_picked":["Ball Lightning","Steam","Sweeping Beam"],"picked":"SKIP","floor":27},{"not_picked":["Ball Lightning","Steam","Sweeping Beam"],"picked":"SKIP","floor":27},{"not_picked":["Ball Lightning","Steam","Sweeping Beam"],"picked":"SKIP","floor":27},{"not_picked":["Beam Cell","Conserve Battery"],"picked":"Reboot","floor":28},{"not_picked":["Compile Driver","Cold Snap","Double Energy"],"picked":"SKIP","floor":29},{"not_picked":["Amplify","Hyperbeam"],"picked":"All For One","floor":33},{"not_picked":["Stack","Rebound"],"picked":"Defragment","floor":35},{"not_picked":["Beam Cell+1","Go for the Eyes"],"picked":"Hologram","floor":38},{"not_picked":["Consume","Rebound"],"picked":"Cold Snap+1","floor":39},{"not_picked":["Barrage","Leap"],"picked":"Glacier","floor":41},{"not_picked":["Melter","Hello World","Static Discharge"],"picked":"SKIP","floor":44},{"not_picked":["Rebound","Leap"],"picked":"Multi-Cast","floor":45},{"not_picked":["Gash","Genetic Algorithm","Force Field"],"picked":"SKIP","floor":46},{"not_picked":["Barrage+1","Ball Lightning+1","Steam Power+1"],"picked":"SKIP","floor":48},{"not_picked":["Stack+1","Steam Power+1"],"picked":"Darkness+1","floor":55}],"player_experience":7189557,"relics_obtained":[{"floor":7,"key":"Anchor"},{"floor":8,"key":"Kunai"},{"floor":9,"key":"Vajra"},{"floor":11,"key":"DataDisk"},{"floor":19,"key":"Necronomicon"},{"floor":23,"key":"Omamori"},{"floor":29,"key":"Orichalcum"},{"floor":41,"key":"Art of War"},{"floor":41,"key":"Potion Belt"},{"floor":43,"key":"Akabeko"},{"floor":45,"key":"Bird Faced Urn"},{"floor":45,"key":"Boot"},{"floor":48,"key":"Strawberry"},{"floor":48,"key":"Blood Vial"},{"floor":55,"key":"Torii"},{"floor":55,"key":"Mummified Hand"}],"event_choices":[{"cards_removed":["Strike_B"],"damage_healed":0,"gold_gain":0,"player_choice":"Card Removal","damage_taken":7,"max_hp_gain":0,"max_hp_loss":0,"event_name":"Golden Wing","floor":2,"gold_loss":0},{"damage_healed":0,"gold_gain":0,"player_choice":"Searched \u00272\u0027 times","damage_taken":0,"max_hp_gain":0,"max_hp_loss":0,"event_name":"Dead Adventurer","floor":7,"gold_loss":0},{"damage_healed":0,"gold_gain":0,"player_choice":"Obtained Book","damage_taken":21,"max_hp_gain":0,"max_hp_loss":0,"event_name":"Cursed Tome","floor":19,"gold_loss":0},{"damage_healed":30,"gold_gain":0,"player_choice":"Full Heal","damage_taken":0,"max_hp_gain":0,"max_hp_loss":0,"event_name":"Wheel of Change","floor":20,"gold_loss":0},{"damage_healed":0,"gold_gain":0,"player_choice":"Max HP","damage_taken":0,"max_hp_gain":0,"max_hp_loss":4,"event_name":"Winding Halls","floor":36,"gold_loss":0},{"damage_healed":0,"gold_gain":999,"player_choice":"Gold","damage_taken":0,"max_hp_gain":0,"max_hp_loss":0,"event_name":"MindBloom","floor":37,"gold_loss":0,"cards_obtained":["Normality","Normality"]}],"is_beta":false,"boss_relics":[{"not_picked":["Calling Bell","Empty Cage"],"picked":"SlaversCollar"},{"not_picked":["Pandora\u0027s Box","Sozu"],"picked":"Black Star"}],"items_purged_floors":[5,21,25,47,54],"is_endless":false,"potions_floor_spawned":[1,4,7,14,18,28,29,41,45,46,55],"ascension_level":20,"potion_discard_per_floor":[[],[],[],[],[],[],[],[],[],[],[],[],[],[],[],[],[],[],[],[],[],[],[],[],[],[],[],[],["AttackPotion"],[],[],[],[],[],[],[],[],[],[],[],[],[],[],[],[],[],["SteroidPotion","Weak Potion"],[],[],[],[],[],[],["BlessingOfTheForge"],[],[],[]]}