{"gold_per_floor":[110,123,48,48,60,60,90,90,159,186,214,230,230,256,256,331,331,348,348,263,283,301,301,335,335,409,409,145,145,172,190,190,190],"floor_reached":33,"playtime":3542,"items_purged":["Decay","Strike_G"],"score":602,"play_id":"85c60dcb-7be5-450a-bbd6-249611210f10","local_time":"20220503133644","is_ascension_mode":true,"campfire_choices":[{"data":"Glass Knife","floor":6,"key":"SMITH"},{"data":"Cloak And Dagger","floor":8,"key":"SMITH"},{"data":"Neutralize","floor":15,"key":"SMITH"},{"floor":23,"key":"DIG"},{"floor":25,"key":"DIG"},{"floor":27,"key":"DIG"},{"floor":32,"key":"DIG"}],"neow_cost":"CURSE","seed_source_timestamp":990079784030500,"shop_contents":[{"floor":3,"relics":["Potion Belt","Mummified Hand","Chemical X"],"cards":["Poisoned Stab","Dash","Leg Sweep","Blade Dance","Infinite Blades","Blind","Transmutation"],"potions":["Poison Potion","Strength Potion","Explosive Potion"]},{"floor":28,"relics":["Bird Faced Urn","CeramicFish"],"cards":["Sucker Punch","Flechettes","Terror","Caltrops+1","Dramatic Entrance","Secret Weapon"],"potions":["LiquidBronze","DistilledChaos","ColorlessPotion"]}],"circlet_count":0,"master_deck":["AscendersBane","Strike_G","Strike_G","Strike_G","Strike_G","Defend_G","Defend_G","Defend_G","Defend_G","Defend_G","Survivor","Neutralize+1","Glass Knife+1","Quick Slash","Terror+1","Cloak And Dagger+1","Deflect","Masterful Stab","After Image","CurseOfTheBell","Ghostly","Ghostly","Ghostly","Footwork+1","Noxious Fumes+1","Backflip","Endless Agony","Predator"],"potion_use_per_floor":[[],[],[],[],[],[],[],[],[],[],[],[],[],[],[],["SkillPotion"],[],[],[],[],[],[],[],["ColorlessPotion"],[],[],[],[],[],[],[],[],["Strength Potion","EntropicBrew","Dexterity Potion","Poison Potion"]],"relics":["Ring of the Snake","Centennial Puzzle","Meat on the Bone","Bronze Scales","Odd Mushroom","Mercury Hourglass","Anchor","Calling Bell","PreservedInsect","Frozen Egg 2","Shovel","Juzu Bracelet","Smiling Mask","Pear","Boot","Ornamental Fan","Happy Flower","Toolbox","Oddly Smooth Stone","Omamori"],"potions_floor_usage":[16,24,33,33,33,33],"damage_taken":[{"damage":0,"enemies":"2 Louse","floor":1,"turns":2},{"damage":2,"enemies":"Small Slimes","floor":2,"turns":4},{"damage":1,"enemies":"Jaw Worm","floor":5,"turns":2},{"damage":12,"enemies":"3 Sentries","floor":7,"turns":8},{"damage":3,"enemies":"Gremlin Nob","floor":10,"turns":3},{"damage":10,"enemies":"The Mushroom Lair","floor":11,"turns":4},{"damage":13,"enemies":"3 Louse","floor":12,"turns":7},{"damage":11,"enemies":"Lagavulin","floor":14,"turns":6},{"damage":10,"enemies":"The Guardian","floor":16,"turns":11},{"damage":0,"enemies":"3 Byrds","floor":18,"turns":2},{"damage":4,"enemies":"2 Thieves","floor":21,"turns":4},{"damage":1,"enemies":"3 Cultists","floor":22,"turns":6},{"damage":2,"enemies":"Gremlin Leader","floor":24,"turns":5},{"damage":1,"enemies":"Book of Stabbing","floor":30,"turns":4},{"damage":0,"enemies":"Snake Plant","floor":31,"turns":2},{"damage":41,"enemies":"Champ","floor":33,"turns":11}],"seed_played":"7713355881899484468","neow_bonus_log":{"cardsObtained":["Decay"],"cardsUpgraded":[],"cardsRemoved":[],"cardsTransformed":[],"relicsObtained":[],"maxHpGained":0,"goldGained":0,"damageTaken":0,"goldLost":0,"maxHpLost":0},"potions_obtained":[{"floor":2,"key":"Ancient Potion"},{"floor":5,"key":"SkillPotion"},{"floor":12,"key":"ColorlessPotion"},{"floor":22,"key":"EntropicBrew"},{"floor":24,"key":"Strength Potion"}],"is_trial":false,"path_per_floor":["M","M","$","?","M","R","E","R","T","E","?","M","?","E","R","B",null,"M","?","?","M","M","R","E","R","T","R","$","?","E","M","R","B"],"character_chosen":"THE_SILENT","items_purchased":["Backflip","Toolbox"],"campfire_rested":0,"item_purchase_floors":[28,28],"current_hp_per_floor":[59,57,57,57,56,56,44,44,44,41,43,42,42,43,43,45,61,61,33,33,29,28,28,36,36,36,36,36,36,35,35,35,0],"gold":190,"neow_bonus":"THREE_RARE_CARDS","is_prod":false,"is_daily":false,"rewards_skipped":[],"chose_seed":false,"campfire_upgraded":3,"win_rate":0,"floor_exit_playtime":[425,464,497,523,638,645,841,847,855,930,1049,1201,1264,1464,1473,1668,2069,2118,2141,2148,2245,2412,2417,2641,2652,2656,2662,2840,2886,3061,3155,3160],"timestamp":1651599404,"path_taken":["M","M","$","?","M","R","E","R","T","E","?","M","?","E","R","BOSS","M","?","?","M","M","R","E","R","T","R","$","?","E","M","R","BOSS"],"build_version":"2022-03-07","purchased_purges":2,"victory":false,"max_hp_per_floor":[66,66,66,66,66,66,66,66,66,66,66,66,66,66,66,66,66,66,33,33,33,33,33,43,43,43,43,43,43,43,43,43,43],"relic_stats":{"Happy Flower":[5],"counters":[16,80],"PreservedInsect":92,"Juzu Bracelet":0,"Omamori":0,"Smiling Mask":50,"Boot":[13],"Mercury Hourglass":[184],"Centennial Puzzle":[30],"Shovel":4,"Ornamental Fan":[24],"Bronze Scales":[244],"obtain_stats":[{"Pear":24,"Happy Flower":27,"Oddly Smooth Stone":30,"PreservedInsect":17,"Juzu Bracelet":20,"Omamori":32,"Odd Mushroom":11,"Frozen Egg 2":17,"Smiling Mask":23,"Boot":25,"Mercury Hourglass":13,"Calling Bell":17,"Centennial Puzzle":7,"Anchor":14,"Shovel":17,"Ornamental Fan":26,"Bronze Scales":10,"Toolbox":28,"Ring of the Snake":0,"Meat on the Bone":9},{"Pear":13,"Happy Flower":13,"Oddly Smooth Stone":14,"PreservedInsect":9,"Juzu Bracelet":10,"Omamori":15,"Odd Mushroom":6,"Frozen Egg 2":9,"Smiling Mask":12,"Boot":13,"Mercury Hourglass":7,"Calling Bell":9,"Centennial Puzzle":4,"Anchor":8,"Shovel":9,"Ornamental Fan":13,"Bronze Scales":5,"Toolbox":13,"Ring of the Snake":0,"Meat on the Bone":4},{"Pear":63,"Happy Flower":63,"Oddly Smooth Stone":67,"PreservedInsect":47,"Juzu Bracelet":49,"Omamori":69,"Odd Mushroom":23,"Frozen Egg 2":47,"Smiling Mask":58,"Boot":63,"Mercury Hourglass":30,"Calling Bell":47,"Centennial Puzzle":16,"Anchor":36,"Shovel":47,"Ornamental Fan":63,"Bronze Scales":19,"Toolbox":63,"Ring of the Snake":0,"Meat on the Bone":16}],"Ring of the Snake":[32],"Meat on the Bone":48},"card_choices":[{"not_picked":["Burst","Wraith Form v2"],"picked":"Glass Knife","floor":0},{"not_picked":["Predator","Caltrops"],"picked":"Quick Slash","floor":1},{"not_picked":["Flying Knee","Dagger Spray"],"picked":"Terror","floor":2},{"not_picked":["Well Laid Plans","Dodge and Roll"],"picked":"Cloak And Dagger","floor":5},{"not_picked":["Eviscerate","Concentrate","Choke"],"picked":"SKIP","floor":7},{"not_picked":["Eviscerate","Concentrate","Choke"],"picked":"SKIP","floor":7},{"not_picked":["Noxious Fumes","Riddle With Holes","Poisoned Stab"],"picked":"SKIP","floor":10},{"not_picked":["Noxious Fumes","Riddle With Holes","Poisoned Stab"],"picked":"SKIP","floor":10},{"not_picked":["Underhanded Strike","Night Terror"],"picked":"Deflect","floor":12},{"not_picked":["Predator","Catalyst"],"picked":"Masterful Stab","floor":14},{"not_picked":["Burst","Grand Finale"],"picked":"After Image","floor":16},{"not_picked":["Reflex","Flechettes","Outmaneuver"],"picked":"SKIP","floor":18},{"not_picked":["Concentrate","Dagger Spray"],"picked":"Footwork+1","floor":21},{"not_picked":["Setup","Reflex","Outmaneuver"],"picked":"SKIP","floor":22},{"not_picked":["Acrobatics","Corpse Explosion"],"picked":"Noxious Fumes+1","floor":24},{"not_picked":["Dagger Spray","Concentrate"],"picked":"Endless Agony","floor":30},{"not_picked":["Underhanded Strike+1","Dagger Spray"],"picked":"Predator","floor":31}],"player_experience":12780836,"relics_obtained":[{"floor":7,"key":"Centennial Puzzle"},{"floor":9,"key":"Meat on the Bone"},{"floor":10,"key":"Bronze Scales"},{"floor":11,"key":"Odd Mushroom"},{"floor":14,"key":"Anchor"},{"floor":17,"key":"PreservedInsect"},{"floor":17,"key":"Frozen Egg 2"},{"floor":17,"key":"Shovel"},{"floor":23,"key":"Smiling Mask"},{"floor":24,"key":"Pear"},{"floor":25,"key":"Boot"},{"floor":26,"key":"Ornamental Fan"},{"floor":27,"key":"Happy Flower"},{"floor":30,"key":"Oddly Smooth Stone"},{"floor":32,"key":"Omamori"}],"event_choices":[{"damage_healed":0,"gold_gain":0,"player_choice":"Leave","damage_taken":0,"max_hp_gain":0,"max_hp_loss":0,"event_name":"The Cleric","floor":4,"gold_loss":0},{"damage_healed":0,"gold_gain":0,"player_choice":"Fought Mushrooms","damage_taken":0,"max_hp_gain":0,"max_hp_loss":0,"event_name":"Mushrooms","floor":11,"gold_loss":0},{"damage_healed":0,"gold_gain":0,"player_choice":"Searched \u00271\u0027 times","damage_taken":0,"relics_obtained":["Mercury Hourglass"],"max_hp_gain":0,"max_hp_loss":0,"event_name":"Dead Adventurer","floor":13,"gold_loss":0},{"damage_healed":0,"gold_gain":0,"player_choice":"Became a Ghost","damage_taken":0,"max_hp_gain":0,"max_hp_loss":33,"event_name":"Ghosts","floor":19,"gold_loss":0,"cards_obtained":["Ghostly","Ghostly","Ghostly"]},{"damage_healed":0,"gold_gain":0,"player_choice":"Obtained Relic","damage_taken":0,"relics_obtained":["Juzu Bracelet"],"max_hp_gain":0,"max_hp_loss":0,"event_name":"Addict","floor":20,"gold_loss":85},{"damage_healed":0,"gold_gain":0,"player_choice":"Forge","damage_taken":0,"max_hp_gain":0,"max_hp_loss":0,"event_name":"Accursed Blacksmith","floor":29,"gold_loss":0,"cards_upgraded":["Terror"]}],"is_beta":false,"boss_relics":[{"not_picked":["Astrolabe","Empty Cage"],"picked":"Calling Bell"}],"items_purged_floors":[3,28],"is_endless":false,"potions_floor_spawned":[2,5,12,22,24],"killed_by":"Champ","ascension_level":20,"potion_discard_per_floor":[[],[],[],[],[],[],[],[],[],[],[],["Ancient Potion"],[],[],[],[],[],[],[],[],[],[],[],[],[],[],[],[],[],[],[],[],[]]}