{"gold_per_floor":[359,372,372,45,1,1,36,36,36,65,65,78,108,118,118,195,195,214,214,43,60,60,60,71,99,99,115,140,159,194,194,194,194],"floor_reached":33,"playtime":4227,"items_purged":["Parasite"],"score":696,"play_id":"336fa949-f526-4226-a44f-274b1f8dbccc","local_time":"20220430122033","is_ascension_mode":true,"campfire_choices":[{"data":"Dagger Spray","floor":6.0,"key":"SMITH"},{"data":"Bouncing Flask","floor":8.0,"key":"SMITH"},{"data":"Leg Sweep","floor":15.0,"key":"SMITH"},{"data":"Ghostly","floor":23.0,"key":"SMITH"},{"data":"Noxious Fumes","floor":32.0,"key":"SMITH"}],"neow_cost":"CURSE","seed_source_timestamp":725383570994500,"shop_contents":[{"floor":4,"relics":["Question Card","Shovel","DollysMirror"],"cards":["Choke","Underhanded Strike","Crippling Poison","Well Laid Plans","Secret Weapon"],"potions":["LiquidMemories","Fire Potion","SneckoOil"]},{"floor":20,"relics":["Vajra","Whetstone"],"cards":["Dagger Throw","All Out Attack","Deflect","Cloak And Dagger","Well Laid Plans","Good Instincts","Apotheosis"],"potions":["EssenceOfSteel","GhostInAJar","SneckoOil"]}],"circlet_count":0,"master_deck":["AscendersBane","Strike_G","Strike_G","Defend_G","Defend_G","Defend_G","Defend_G","Defend_G","Survivor","Neutralize","Dagger Spray+1","Dagger Spray+1","Venomology","Bandage Up","Bouncing Flask+1","Leg Sweep+1","Bullet Time","Escape Plan","Glass Knife+1","Heel Hook+1","Terror+1","Escape Plan+1","Ghostly+1","Ghostly","Ghostly","Noxious Fumes+1","Footwork","Flechettes+1","Blade Dance"],"special_seed":0,"potion_use_per_floor":[[],[],[],[],[],[],["DistilledChaos"],[],[],["EssenceOfSteel","EntropicBrew","FearPotion"],[],["Ancient Potion"],["LiquidMemories"],["SpeedPotion"],[],["ColorlessPotion"],[],["AttackPotion"],[],[],["PowerPotion"],[],[],["ColorlessPotion"],["Energy Potion"],[],["CultistPotion"],["DuplicationPotion"],["Swift Potion"],["Explosive Potion","Weak Potion"],[],[],[]],"relics":["Ring of the Snake","Juzu Bracelet","StoneCalendar","Pear","Letter Opener","Astrolabe","ClockworkSouvenir","The Courier","Meat on the Bone","Happy Flower","Shuriken"],"potions_floor_usage":[],"damage_taken":[{"damage":0.0,"enemies":"2 Louse","floor":1.0,"turns":5.0},{"damage":1.0,"enemies":"Cultist","floor":2.0,"turns":4.0},{"damage":17.0,"enemies":"3 Sentries","floor":7.0,"turns":5.0},{"damage":0.0,"enemies":"Gremlin Nob","floor":10.0,"turns":3.0},{"damage":0.0,"enemies":"Jaw Worm","floor":12.0,"turns":2.0},{"damage":6.0,"enemies":"3 Sentries","floor":13.0,"turns":7.0},{"damage":0.0,"enemies":"Large Slime","floor":14.0,"turns":4.0},{"damage":31.0,"enemies":"The Guardian","floor":16.0,"turns":10.0},{"damage":4.0,"enemies":"2 Thieves","floor":18.0,"turns":4.0},{"damage":4.0,"enemies":"Shell Parasite","floor":21.0,"turns":5.0},{"damage":5.0,"enemies":"Shelled Parasite and Fungi","floor":24.0,"turns":5.0},{"damage":12.0,"enemies":"Book of Stabbing","floor":25.0,"turns":6.0},{"damage":35.0,"enemies":"Centurion and Healer","floor":27.0,"turns":7.0},{"damage":4.0,"enemies":"Slavers","floor":28.0,"turns":6.0},{"damage":5.0,"enemies":"Snake Plant","floor":29.0,"turns":5.0},{"damage":15.0,"enemies":"Book of Stabbing","floor":30.0,"turns":6.0},{"damage":39,"enemies":"Champ","floor":33,"turns":9}],"seed_played":"-4411289108205101912","neow_bonus_log":{"cardsObtained":["Parasite"],"cardsUpgraded":[],"cardsRemoved":[],"cardsTransformed":[],"relicsObtained":[],"maxHpGained":0,"goldGained":250,"damageTaken":0,"goldLost":0,"maxHpLost":0},"potions_obtained":[{"floor":1.0,"key":"DistilledChaos"},{"floor":2.0,"key":"EssenceOfSteel"},{"floor":13.0,"key":"SpeedPotion"},{"floor":16.0,"key":"AttackPotion"},{"floor":18.0,"key":"PowerPotion"},{"floor":21.0,"key":"ColorlessPotion"},{"floor":28.0,"key":"Explosive Potion"}],"is_trial":false,"path_per_floor":["M","M","?","$","?","R","E","R","T","E","?","M","E","M","R","B",null,"M","?","$","M","?","R","M","E","T","M","E","M","E","T","R","B"],"character_chosen":"THE_SILENT","items_purchased":["Venomology","Bandage Up","ClockworkSouvenir"],"campfire_rested":0,"item_purchase_floors":[4,4,20],"current_hp_per_floor":[59,58,58,58,58,58,45,45,45,59,59,59,57,61,61,34,63,63,36,36,32,32,32,33,25,25,17,29,28,29,29,29,0],"gold":194,"neow_bonus":"TWO_FIFTY_GOLD","is_prod":false,"is_daily":false,"rewards_skipped":[{"floor":29,"relics":[],"potions":["Dexterity Potion"]}],"chose_seed":false,"campfire_upgraded":5,"win_rate":0,"floor_exit_playtime":[393,547,587,776,858,866,1077,1087,1199,1302,1332,1386,1522,1638,1644,1971,2165,2276,2294,2414,2681,2713,2724,2857,2985,3042,3317,3635,3865,4034,4059,4080],"timestamp":1651335633,"blue_key_relic_skipped_log":{"floor":31,"relicID":"Unceasing Top"},"path_taken":["M","M","?","$","?","R","E","R","T","E","?","M","E","M","R","BOSS","M","?","?","M","?","R","M","E","T","M","E","M","E","?","R","BOSS"],"build_version":"2022-03-07","purchased_purges":1,"victory":false,"max_hp_per_floor":[66,66,66,63,63,63,63,63,63,73,73,73,73,73,73,73,73,73,36,36,36,36,36,36,36,36,36,36,36,36,36,36,36],"relic_stats":{"Happy Flower":[6],"counters":[17,93],"Shuriken":[4],"Astrolabe":["Heel Hook","Terror","Escape Plan"],"StoneCalendar":[146],"The Courier":0,"Juzu Bracelet":1,"Letter Opener":[211],"obtain_stats":[{"Pear":10,"Happy Flower":28,"Shuriken":30,"Astrolabe":17,"StoneCalendar":9,"The Courier":25,"Juzu Bracelet":7,"Letter Opener":13,"Ring of the Snake":0,"ClockworkSouvenir":20,"Meat on the Bone":26},{"Pear":4,"Happy Flower":14,"Shuriken":16,"Astrolabe":8,"StoneCalendar":3,"The Courier":12,"Juzu Bracelet":3,"Letter Opener":6,"Ring of the Snake":0,"ClockworkSouvenir":9,"Meat on the Bone":12},{"Pear":17,"Happy Flower":73,"Shuriken":84,"Astrolabe":40,"StoneCalendar":14,"The Courier":60,"Juzu Bracelet":14,"Letter Opener":26,"Ring of the Snake":0,"ClockworkSouvenir":44,"Meat on the Bone":60}],"Ring of the Snake":[34],"Meat on the Bone":36},"card_choices":[{"not_picked":["Flying Knee","Caltrops"],"picked":"Dagger Spray","floor":1.0},{"not_picked":["Dodge and Roll","Noxious Fumes"],"picked":"Dagger Spray","floor":2.0},{"not_picked":["Flechettes","Sucker Punch"],"picked":"Bouncing Flask","floor":7.0},{"not_picked":["Setup","Riddle With Holes"],"picked":"Leg Sweep","floor":10.0},{"not_picked":["Flying Knee","Sucker Punch"],"picked":"Escape Plan","floor":12.0},{"not_picked":["Distraction","A Thousand Cuts","Sucker Punch"],"picked":"SKIP","floor":13.0},{"not_picked":["Bouncing Flask","Setup","Bane"],"picked":"SKIP","floor":14.0},{"not_picked":["Doppelganger","After Image"],"picked":"Glass Knife","floor":16.0},{"not_picked":["Bane","Quick Slash","Sucker Punch"],"picked":"SKIP","floor":18.0},{"not_picked":["Deadly Poison","Quick Slash","Flying Knee"],"picked":"SKIP","floor":21.0},{"not_picked":["Prepared","Quick Slash"],"picked":"Noxious Fumes","floor":24.0},{"not_picked":["Accuracy","A Thousand Cuts","Dodge and Roll"],"picked":"SKIP","floor":25.0},{"not_picked":["Dagger Throw","Skewer"],"picked":"Footwork","floor":27.0},{"not_picked":["Tactician","Quick Slash"],"picked":"Flechettes+1","floor":28.0},{"not_picked":["Heel Hook","Cloak And Dagger","Quick Slash"],"picked":"SKIP","floor":29.0},{"not_picked":["Heel Hook","Cloak And Dagger","Quick Slash"],"picked":"SKIP","floor":29.0},{"not_picked":["Deflect","Calculated Gamble"],"picked":"Blade Dance","floor":30.0}],"player_experience":12738536,"relics_obtained":[{"floor":7.0,"key":"Juzu Bracelet"},{"floor":9.0,"key":"StoneCalendar"},{"floor":10.0,"key":"Pear"},{"floor":13.0,"key":"Letter Opener"},{"floor":25.0,"key":"The Courier"},{"floor":26.0,"key":"Meat on the Bone"},{"floor":28.0,"key":"Happy Flower"},{"floor":30.0,"key":"Shuriken"}],"event_choices":[{"damage_healed":0.0,"max_hp_gain":0.0,"max_hp_loss":0.0,"gold_gain":0.0,"event_name":"Living Wall","player_choice":"Grow","floor":3.0,"gold_loss":0.0,"damage_taken":0.0,"cards_upgraded":["Dagger Spray"]},{"damage_healed":0.0,"max_hp_gain":0.0,"max_hp_loss":0.0,"gold_gain":0.0,"event_name":"World of Goop","player_choice":"Left Gold","floor":5.0,"gold_loss":44.0,"damage_taken":0.0},{"damage_healed":0.0,"max_hp_gain":0.0,"max_hp_loss":0.0,"gold_gain":0.0,"event_name":"Match and Keep!","player_choice":"1 cards matched","floor":11.0,"gold_loss":0.0,"damage_taken":0.0,"cards_obtained":["Bullet Time"]},{"damage_healed":0.0,"max_hp_gain":0.0,"max_hp_loss":37.0,"gold_gain":0.0,"event_name":"Ghosts","player_choice":"Became a Ghost","floor":19.0,"gold_loss":0.0,"damage_taken":0.0,"cards_obtained":["Ghostly","Ghostly","Ghostly"]},{"damage_healed":0.0,"max_hp_gain":0.0,"max_hp_loss":0.0,"gold_gain":0.0,"event_name":"Accursed Blacksmith","player_choice":"Forge","floor":22.0,"gold_loss":0.0,"damage_taken":0.0,"cards_upgraded":["Glass Knife"]}],"is_beta":false,"boss_relics":[{"not_picked":["Tiny House","WristBlade"],"picked":"Astrolabe"}],"items_purged_floors":[4],"is_endless":false,"potions_floor_spawned":[1,2,13,16,18,21,28,29],"killed_by":"Champ","ascension_level":20,"potion_discard_per_floor":[[],[],[],[],[],[],[],[],[],[],[],[],["Ancient Potion"],[],[],["FairyPotion"],[],[],[],[],["Dexterity Potion"],[],[],[],[],[],["DuplicationPotion"],[],[],[],[],[],[]]}