{"gold_per_floor":[138,138,198,11,48,48,105,105,105,140,203,272,327,395,395,491,491,528,453,453,469,44,126,126,164,191,191,226,151,227,277,277,378,378,468,393,436,454,149,204,204,257,257,282,349,349,361,361,361,361],"floor_reached":50,"playtime":5481,"items_purged":["Masterful Stab"],"score":1412,"play_id":"8ff1ff2f-2a52-41c0-ab91-4d270a887d4b","local_time":"20220515233255","is_ascension_mode":true,"campfire_choices":[{"data":"HandOfGreed","floor":6,"key":"SMITH"},{"data":"All Out Attack","floor":8,"key":"SMITH"},{"data":"Neutralize","floor":15,"key":"SMITH"},{"data":"Calculated Gamble","floor":24,"key":"SMITH"},{"data":"Calculated Gamble","floor":27,"key":"SMITH"},{"data":"Flechettes","floor":32,"key":"SMITH"},{"data":"Phantasmal Killer","floor":41,"key":"SMITH"},{"floor":49,"key":"RECALL"}],"neow_cost":"PERCENT_DAMAGE","seed_source_timestamp":31771761313700,"shop_contents":[{"floor":4,"relics":["Nunchaku","Art of War"],"cards":["Quick Slash","Heel Hook","Reflex","Accuracy","PanicButton","HandOfGreed"],"potions":["Poison Potion","Strength Potion","SpeedPotion"]},{"floor":22,"relics":["Ornamental Fan"],"cards":["Flechettes","Unload","Storm of Steel","Blade Dance","Well Laid Plans","Impatience","Chrysalis"],"potions":["CunningPotion","Block Potion","ColorlessPotion"]},{"floor":36,"relics":["Ancient Tea Set","Calipers","HandDrill"],"cards":["Sucker Punch","Dagger Spray","Deadly Poison","Deflect","Well Laid Plans","Blind","Magnetism"],"potions":["LiquidMemories","Block Potion","Swift Potion"]},{"floor":39,"relics":["PreservedInsect","Cauldron"],"cards":["Masterful Stab","Dagger Spray","Calculated Gamble","Infinite Blades","Good Instincts","Panache"],"potions":["BlessingOfTheForge","Weak Potion","Strength Potion"]}],"circlet_count":0,"master_deck":["AscendersBane","Defend_G","Defend_G","Defend_G","Defend_G","Defend_G","Survivor","Neutralize+1","HandOfGreed+1","Backstab","Backstab","Deflect","All Out Attack+1","Calculated Gamble+1","Deflect","Escape Plan","Tools of the Trade","Calculated Gamble+1","Deflect","Phantasmal Killer+1","Flechettes+1","Malaise","Accuracy+1","Infinite Blades+1","Sucker Punch+1","Outmaneuver+1","Eviscerate","PiercingWail","Blade Dance","Acrobatics+1","Bullet Time","Acrobatics","PiercingWail","Acrobatics","Writhe"],"potion_use_per_floor":[[],[],[],[],[],[],[],[],[],["SpeedPotion"],[],[],[],[],[],[],[],[],[],[],[],[],[],[],[],[],[],["DuplicationPotion"],[],["DuplicationPotion"],[],[],["Poison Potion","FairyPotion"],[],[],[],[],["EssenceOfSteel"],[],["Poison Potion"],[],["AttackPotion"],[],[],[],[],["SkillPotion","DuplicationPotion"],[],[],["Energy Potion"]],"relics":["Ring of the Snake","Toolbox","StrikeDummy","Bronze Scales","MealTicket","Bag of Preparation","Juzu Bracelet","Runic Pyramid","Medical Kit","White Beast Statue","Question Card","Pen Nib","Mercury Hourglass","Blood Vial","Astrolabe","HornCleat","Potion Belt","Snake Skull","The Specimen"],"potions_floor_usage":[10,28,30,33,38,40,42,47,47,50],"damage_taken":[{"damage":1,"enemies":"Cultist","floor":1,"turns":3},{"damage":0,"enemies":"2 Louse","floor":3,"turns":3},{"damage":0,"enemies":"Jaw Worm","floor":5,"turns":1},{"damage":6,"enemies":"Gremlin Nob","floor":7,"turns":3},{"damage":0,"enemies":"3 Sentries","floor":10,"turns":6},{"damage":1,"enemies":"Gremlin Nob","floor":11,"turns":3},{"damage":1,"enemies":"Exordium Wildlife","floor":12,"turns":4},{"damage":0,"enemies":"Gremlin Nob","floor":13,"turns":2},{"damage":0,"enemies":"3 Louse","floor":14,"turns":3},{"damage":18,"enemies":"The Guardian","floor":16,"turns":14},{"damage":0,"enemies":"Spheric Guardian","floor":18,"turns":3},{"damage":6,"enemies":"Chosen","floor":21,"turns":4},{"damage":33,"enemies":"Slavers","floor":23,"turns":11},{"damage":0,"enemies":"3 Cultists","floor":25,"turns":4},{"damage":21,"enemies":"Book of Stabbing","floor":28,"turns":4},{"damage":0,"enemies":"Slavers","floor":30,"turns":3},{"damage":68,"enemies":"Automaton","floor":33,"turns":8},{"damage":0,"enemies":"3 Shapes","floor":35,"turns":8},{"damage":0,"enemies":"3 Darklings","floor":37,"turns":5},{"damage":2,"enemies":"Maw","floor":38,"turns":5},{"damage":27,"enemies":"Reptomancer","floor":40,"turns":6},{"damage":32,"enemies":"Giant Head","floor":42,"turns":6},{"damage":1,"enemies":"Reptomancer","floor":44,"turns":3},{"damage":0,"enemies":"Jaw Worm Horde","floor":45,"turns":5},{"damage":2,"enemies":"Transient","floor":47,"turns":6},{"damage":31,"enemies":"Time Eater","floor":50,"turns":3}],"seed_played":"3639529472803102948","neow_bonus_log":{"cardsObtained":[],"cardsUpgraded":[],"cardsRemoved":[],"cardsTransformed":[],"relicsObtained":[],"maxHpGained":0,"goldGained":0,"damageTaken":15,"goldLost":0,"maxHpLost":0},"potions_obtained":[{"floor":1,"key":"SpeedPotion"},{"floor":3,"key":"SpeedPotion"},{"floor":5,"key":"DuplicationPotion"},{"floor":12,"key":"DuplicationPotion"},{"floor":28,"key":"FairyPotion"},{"floor":30,"key":"Poison Potion"},{"floor":33,"key":"LiquidBronze"},{"floor":35,"key":"PowerPotion"},{"floor":37,"key":"EssenceOfSteel"},{"floor":38,"key":"Poison Potion"},{"floor":40,"key":"AttackPotion"},{"floor":42,"key":"SkillPotion"},{"floor":44,"key":"Energy Potion"},{"floor":45,"key":"DuplicationPotion"},{"floor":47,"key":"SmokeBomb"}],"is_trial":false,"path_per_floor":["M","?","M","$","M","R","E","R","T","E","?","M","E","M","R","B",null,"M","?","?","M","$","E","R","M","T","R","E","?","E","?","R","B",null,"M","$","M","M","$","E","R","E","T","E","M","?","M","?","R","B"],"character_chosen":"THE_SILENT","items_purchased":["Toolbox","Deflect","Medical Kit","White Beast Statue","HornCleat","Blade Dance"],"campfire_rested":0,"item_purchase_floors":[4,4,22,22,39,39],"current_hp_per_floor":[43,43,43,43,43,43,37,37,37,37,36,35,35,35,35,17,54,54,54,54,48,63,30,30,30,30,30,9,9,9,9,9,19,54,56,66,66,64,66,39,39,9,9,10,12,12,12,25,25,0],"gold":361,"neow_bonus":"RANDOM_COLORLESS_2","is_prod":false,"is_daily":false,"rewards_skipped":[{"floor":13,"relics":[],"potions":["SteroidPotion"]},{"floor":21,"relics":[],"potions":["Explosive Potion"]},{"floor":23,"relics":[],"potions":["SteroidPotion"]},{"floor":25,"relics":[],"potions":["ColorlessPotion"]}],"chose_seed":false,"campfire_upgraded":7,"win_rate":0,"floor_exit_playtime":[108,112,172,253,430,437,518,527,531,709,787,855,915,1029,1035,1310,1394,1486,1504,1556,1750,1805,2137,2153,2308,2314,2325,2465,2474,2695,2711,2718,2973,3070,3212,3307,3504,3687,3754,3979,3997,4567,4594,4789,4955,4989,5300,5306,5310],"timestamp":1652671975,"blue_key_relic_skipped_log":{"floor":43,"relicID":"Darkstone Periapt"},"path_taken":["M","?","M","?","M","R","E","R","T","E","?","M","E","M","R","BOSS","M","?","?","M","$","E","R","M","T","R","E","?","E","?","R","BOSS","M","$","M","M","$","E","R","E","T","E","M","?","M","?","R","BOSS"],"build_version":"2022-03-07","purchased_purges":1,"victory":false,"max_hp_per_floor":[66,66,66,66,66,66,66,66,66,66,66,66,66,66,66,66,66,66,66,66,66,66,66,66,66,66,66,66,66,66,66,66,66,66,66,66,66,66,66,66,66,66,66,66,66,66,66,66,66,66],"relic_stats":{"The Specimen":[0],"counters":[26,126],"Astrolabe":["Accuracy","Infinite Blades","Sucker Punch"],"Pen Nib":[13],"Snake Skull":[0],"Bag of Preparation":[42],"Juzu Bracelet":2,"Medical Kit":[24],"Question Card":12,"White Beast Statue":[0.0024998400000000014,0.0,0.10427520000000007,0.0,0.43920256000000024,0.0,0.38386560000000025,0.0,0.06894720000000004,0.0,0.0012096000000000008,5.747726080000001],"Mercury Hourglass":[228],"Blood Vial":14,"Bronze Scales":[287],"MealTicket":27,"obtain_stats":[{"Potion Belt":40,"The Specimen":44,"Astrolabe":34,"Pen Nib":26,"Snake Skull":42,"Bag of Preparation":11,"Juzu Bracelet":13,"Medical Kit":22,"Question Card":23,"White Beast Statue":22,"Mercury Hourglass":28,"Blood Vial":30,"HornCleat":39,"Bronze Scales":9,"Toolbox":4,"MealTicket":10,"StrikeDummy":7,"Ring of the Snake":0,"Runic Pyramid":17},{"Potion Belt":21,"The Specimen":23,"Astrolabe":17,"Pen Nib":14,"Snake Skull":22,"Bag of Preparation":5,"Juzu Bracelet":8,"Medical Kit":12,"Question Card":13,"White Beast Statue":12,"Mercury Hourglass":15,"Blood Vial":16,"HornCleat":20,"Bronze Scales":4,"Toolbox":2,"MealTicket":5,"StrikeDummy":4,"Ring of the Snake":0,"Runic Pyramid":10},{"Potion Belt":103,"The Specimen":112,"Astrolabe":79,"Pen Nib":64,"Snake Skull":109,"Bag of Preparation":16,"Juzu Bracelet":25,"Medical Kit":49,"Question Card":60,"White Beast Statue":49,"Mercury Hourglass":68,"Blood Vial":71,"HornCleat":97,"Bronze Scales":10,"Toolbox":6,"MealTicket":16,"StrikeDummy":10,"Ring of the Snake":0,"Runic Pyramid":42}],"Ring of the Snake":[52]},"card_choices":[{"not_picked":["Panache","Transmutation"],"picked":"HandOfGreed","floor":0},{"not_picked":["Backflip","Poisoned Stab"],"picked":"Backstab","floor":1},{"not_picked":["Well Laid Plans","Quick Slash"],"picked":"Backstab","floor":3},{"not_picked":["Reflex","Bane"],"picked":"All Out Attack","floor":5},{"not_picked":["Calculated Gamble","Expertise","Dodge and Roll"],"picked":"SKIP","floor":7},{"not_picked":["Expertise","Dodge and Roll"],"picked":"Calculated Gamble","floor":7},{"not_picked":["Cloak And Dagger","Storm of Steel"],"picked":"Deflect","floor":10},{"not_picked":["Reflex","Flying Knee"],"picked":"Escape Plan","floor":11},{"not_picked":["Skewer","Bane","Dagger Spray"],"picked":"SKIP","floor":12},{"not_picked":["Deflect","Doppelganger","Choke"],"picked":"SKIP","floor":13},{"not_picked":["Bouncing Flask","Bane","Eviscerate"],"picked":"SKIP","floor":14},{"not_picked":["Die Die Die","Grand Finale"],"picked":"Tools of the Trade","floor":16},{"not_picked":["Deflect","Choke","Cloak And Dagger"],"picked":"SKIP","floor":18},{"not_picked":["Flying Knee","Well Laid Plans","Deadly Poison","Flechettes","Dagger Throw","Riddle With Holes","Caltrops","Blade Dance","Cloak And Dagger","Prepared","Endless Agony","Finisher","Accuracy","Slice","Expertise","Quick Slash","Dodge and Roll","Noxious Fumes","Blur"],"picked":"Calculated Gamble","floor":20},{"not_picked":["Bane","Expertise"],"picked":"Masterful Stab","floor":21},{"not_picked":["Backflip","Accuracy+1"],"picked":"Deflect","floor":23},{"not_picked":["Blade Dance","Quick Slash","Riddle With Holes","Deadly Poison+1"],"picked":"SKIP","floor":25},{"not_picked":["Dash","Underhanded Strike","Heel Hook"],"picked":"Phantasmal Killer","floor":28},{"not_picked":["Slice","Dodge and Roll","Flechettes","Predator"],"picked":"SKIP","floor":30},{"not_picked":["Slice","Dodge and Roll","Predator"],"picked":"Flechettes","floor":30},{"not_picked":["Venomology","Unload","Doppelganger"],"picked":"Malaise","floor":33},{"not_picked":["Distraction","Riddle With Holes+1","Underhanded Strike"],"picked":"Outmaneuver+1","floor":35},{"not_picked":["Bouncing Flask","Dash","Catalyst"],"picked":"Eviscerate","floor":37},{"not_picked":["Leg Sweep","Choke","Cloak And Dagger"],"picked":"PiercingWail","floor":38},{"not_picked":["Noxious Fumes","Deflect+1","Underhanded Strike"],"picked":"Acrobatics+1","floor":40},{"not_picked":["Slice+1","Prepared","Deadly Poison"],"picked":"Bullet Time","floor":42},{"not_picked":["Dagger Throw","Escape Plan","Predator"],"picked":"Acrobatics","floor":44},{"not_picked":["Prepared","Backflip","Leg Sweep+1"],"picked":"PiercingWail","floor":45},{"not_picked":["Poisoned Stab","Quick Slash+1","All Out Attack"],"picked":"Acrobatics","floor":47}],"player_experience":12892928,"relics_obtained":[{"floor":7,"key":"StrikeDummy"},{"floor":9,"key":"Bronze Scales"},{"floor":10,"key":"MealTicket"},{"floor":13,"key":"Juzu Bracelet"},{"floor":23,"key":"Question Card"},{"floor":26,"key":"Pen Nib"},{"floor":28,"key":"Mercury Hourglass"},{"floor":30,"key":"Blood Vial"},{"floor":40,"key":"Potion Belt"},{"floor":42,"key":"Snake Skull"},{"floor":44,"key":"The Specimen"}],"event_choices":[{"damage_healed":0,"gold_gain":0,"player_choice":"Ignored","damage_taken":0,"max_hp_gain":0,"max_hp_loss":0,"event_name":"Liars Game","floor":2,"gold_loss":0},{"damage_healed":0,"gold_gain":0,"player_choice":"Searched \u00272\u0027 times","damage_taken":0,"relics_obtained":["Bag of Preparation"],"max_hp_gain":0,"max_hp_loss":0,"event_name":"Dead Adventurer","floor":11,"gold_loss":0},{"cards_removed":["Strike_G"],"damage_healed":0,"gold_gain":0,"player_choice":"Single Remove","damage_taken":0,"max_hp_gain":0,"max_hp_loss":0,"event_name":"Designer","floor":19,"gold_loss":75},{"damage_healed":0,"gold_gain":0,"player_choice":"Read","damage_taken":0,"max_hp_gain":0,"max_hp_loss":0,"event_name":"The Library","floor":20,"gold_loss":0,"cards_obtained":["Calculated Gamble"]},{"cards_removed":["Strike_G"],"damage_healed":0,"gold_gain":0,"player_choice":"Gave Gold","damage_taken":0,"max_hp_gain":0,"max_hp_loss":0,"event_name":"Beggar","floor":29,"gold_loss":75},{"damage_healed":0,"gold_gain":50,"player_choice":"Stole From Cult","damage_taken":0,"max_hp_gain":0,"max_hp_loss":0,"event_name":"Nest","floor":31,"gold_loss":0},{"damage_healed":0,"gold_gain":0,"player_choice":"Ignored","damage_taken":0,"max_hp_gain":0,"max_hp_loss":0,"event_name":"Mysterious Sphere","floor":46,"gold_loss":0},{"damage_healed":13,"gold_gain":0,"player_choice":"Writhe","damage_taken":0,"max_hp_gain":0,"max_hp_loss":0,"event_name":"Winding Halls","floor":48,"gold_loss":0,"cards_obtained":["Writhe"]}],"is_beta":false,"boss_relics":[{"not_picked":["Cursed Key","Sozu"],"picked":"Runic Pyramid"},{"not_picked":["Empty Cage","Tiny House"],"picked":"Astrolabe"}],"items_purged_floors":[36],"is_endless":false,"potions_floor_spawned":[1,3,5,12,13,21,23,25,28,30,33,35,37,38,40,42,44,45,47],"killed_by":"Time Eater","ascension_level":20,"potion_discard_per_floor":[[],[],[],[],["SpeedPotion"],[],[],[],[],[],[],[],[],[],[],[],[],[],[],[],[],[],[],[],[],[],[],[],[],[],[],[],[],[],[],[],["LiquidBronze"],[],[],[],[],[],[],[],[],[],[],[],[],[]]}