{"gold_per_floor":[114,114,114,125,8,8,42,42,69,69,98,111,144,162,162,239,239,254,254,269,288,288,288,304,304,304,335,335,362,374,401,401,474,474,490,420,68,0,17,51,51,85,111,51,71,116,116,151,151,151,151,151,151,25,56,56],"floor_reached":57,"playtime":6173,"items_purged":["Strike_G","Defend_G"],"score":3528,"play_id":"363f7704-3e26-44a2-b377-6258aff89d2c","local_time":"20220606170748","is_ascension_mode":true,"campfire_choices":[{"data":"Noxious Fumes","floor":6,"key":"SMITH"},{"data":"Glass Knife","floor":8,"key":"SMITH"},{"data":"Quick Slash","floor":10,"key":"SMITH"},{"data":"Neutralize","floor":15,"key":"SMITH"},{"floor":23,"key":"RECALL"},{"data":"Wraith Form v2","floor":28,"key":"SMITH"},{"data":"After Image","floor":32,"key":"SMITH"},{"data":"Strike_G","floor":41,"key":"PURGE"},{"data":"Strike_G","floor":47,"key":"PURGE"},{"data":"Flying Knee","floor":49,"key":"PURGE"},{"data":"Glass Knife+1","floor":53,"key":"PURGE"}],"neow_cost":"NONE","seed_source_timestamp":748308543273600,"shop_contents":[{"floor":5,"relics":["CeramicFish","Boot","Chemical X"],"cards":["Quick Slash","Bane","Concentrate","Crippling Poison","Discovery","Transmutation"],"potions":["Fruit Juice","Block Potion","SpeedPotion"]},{"floor":37,"relics":["Singing Bowl","Art of War","Prayer Wheel"],"cards":["Dagger Throw","Quick Slash","Blur+1","Reflex+1","Well Laid Plans","Mind Blast","Panache"],"potions":["SteroidPotion","Strength Potion","Strength Potion"]},{"floor":44,"relics":["MealTicket","Whetstone","OrangePellets"],"cards":["All Out Attack","Glass Knife","Deadly Poison+1","Deadly Poison+1","Infinite Blades","Good Instincts+1","Mayhem"],"potions":["Strength Potion","BlessingOfTheForge","LiquidMemories"]},{"floor":54,"relics":["Happy Flower","Blood Vial","HandDrill"],"cards":["Dagger Spray","Skewer","Prepared+1","Expertise+1","Accuracy","Flash of Steel","Sadistic Nature"],"potions":["Explosive Potion","FairyPotion","Dexterity Potion"]}],"circlet_count":0,"master_deck":["AscendersBane","Defend_G","Defend_G+1","Defend_G","Defend_G","Survivor+1","Neutralize+1","Quick Slash+1","Noxious Fumes+1","Backflip+1","Prepared+1","After Image+1","Escape Plan+1","Burst+1","Tactician+1","Catalyst+1","Backflip+1","Crippling Poison+1","Wraith Form v2+1","Acrobatics+1","Corpse Explosion+1","Outmaneuver+1","Wraith Form v2+1","Calculated Gamble+1","Tactician+1","PiercingWail+1"],"potion_use_per_floor":[[],[],[],[],[],[],[],[],[],[],[],[],[],[],[],["Poison Potion"],[],[],["EntropicBrew","Fruit Juice"],["Poison Potion"],[],[],[],[],[],[],[],[],[],[],[],[],[],[],[],[],[],[],[],[],[],[],[],[],[],[],[],[],[],[],[],[],[],[],[],["LiquidBronze","DistilledChaos"],[]],"relics":["Ring of the Snake","NeowsBlessing","Toxic Egg 2","Oddly Smooth Stone","Bronze Scales","Orichalcum","Runic Pyramid","The Courier","Omamori","StrikeDummy","Matryoshka","SlaversCollar","Peace Pipe","DollysMirror","HornCleat","Red Mask","Akabeko","Eternal Feather","Centennial Puzzle","Thread and Needle","War Paint","Nunchaku"],"potions_floor_usage":[16,19,19,20,56,56],"damage_taken":[{"damage":0,"enemies":"Jaw Worm","floor":1,"turns":1},{"damage":0,"enemies":"2 Louse","floor":4,"turns":1},{"damage":0,"enemies":"3 Sentries","floor":7,"turns":1},{"damage":9,"enemies":"Lagavulin","floor":11,"turns":5},{"damage":0,"enemies":"Cultist","floor":12,"turns":2},{"damage":2,"enemies":"3 Sentries","floor":13,"turns":6},{"damage":0,"enemies":"Looter","floor":14,"turns":2},{"damage":0,"enemies":"The Guardian","floor":16,"turns":10},{"damage":0,"enemies":"Shell Parasite","floor":18,"turns":5},{"damage":1,"enemies":"2 Thieves","floor":20,"turns":4},{"damage":0,"enemies":"Sentry and Sphere","floor":21,"turns":5},{"damage":0,"enemies":"Centurion and Healer","floor":24,"turns":6},{"damage":0,"enemies":"Gremlin Leader","floor":27,"turns":3},{"damage":0,"enemies":"Book of Stabbing","floor":29,"turns":5},{"damage":6,"enemies":"Snake Plant","floor":30,"turns":4},{"damage":15,"enemies":"Slavers","floor":31,"turns":4},{"damage":0,"enemies":"Automaton","floor":33,"turns":8},{"damage":0,"enemies":"Orb Walker","floor":35,"turns":6},{"damage":0,"enemies":"3 Shapes","floor":39,"turns":3},{"damage":0,"enemies":"Nemesis","floor":40,"turns":5},{"damage":0,"enemies":"Reptomancer","floor":42,"turns":3},{"damage":0,"enemies":"3 Darklings","floor":45,"turns":4},{"damage":1,"enemies":"2 Orb Walkers","floor":46,"turns":4},{"damage":0,"enemies":"Giant Head","floor":48,"turns":4},{"damage":9,"enemies":"Time Eater","floor":50,"turns":8},{"damage":0,"enemies":"Awakened One","floor":51,"turns":14},{"damage":0,"enemies":"Shield and Spear","floor":55,"turns":6},{"damage":0,"enemies":"The Heart","floor":56,"turns":7}],"seed_played":"-7031380780494999150","neow_bonus_log":{"cardsObtained":[],"cardsUpgraded":[],"cardsRemoved":[],"cardsTransformed":[],"relicsObtained":["NeowsBlessing"],"maxHpGained":0,"goldGained":0,"damageTaken":0,"goldLost":0,"maxHpLost":0},"potions_obtained":[{"floor":4,"key":"Poison Potion"},{"floor":13,"key":"EntropicBrew"},{"floor":16,"key":"DistilledChaos"},{"floor":19,"key":"Fruit Juice"},{"floor":19,"key":"Poison Potion"},{"floor":20,"key":"Explosive Potion"},{"floor":48,"key":"LiquidBronze"}],"is_trial":false,"path_per_floor":["M","?","?","M","$","R","E","R","T","R","E","M","E","M","R","B",null,"M","?","M","M","?","R","M","?","T","E","R","E","M","E","R","B",null,"M","?","$","?","M","E","R","E","T","$","M","?","R","E","R","B","B",null,"R","$","E","B",null],"character_chosen":"THE_SILENT","items_purchased":["Noxious Fumes","DollysMirror","HornCleat","Tactician+1","PiercingWail+1"],"campfire_rested":0,"item_purchase_floors":[5,37,37,44,54],"current_hp_per_floor":[59,52,52,52,52,52,52,52,52,52,43,43,41,41,41,41,60,60,65,64,64,58,58,58,58,58,58,58,58,52,37,37,37,63,63,63,63,63,63,63,63,63,63,63,63,62,71,71,71,62,62,69,71,71,71,71],"gold":56,"neow_bonus":"THREE_ENEMY_KILL","is_prod":false,"is_daily":false,"rewards_skipped":[{"floor":21,"relics":[],"potions":["SneckoOil"]},{"floor":24,"relics":[],"potions":["Ancient Potion"]},{"floor":27,"relics":[],"potions":["BlessingOfTheForge"]},{"floor":39,"relics":[],"potions":["EssenceOfSteel"]},{"floor":40,"relics":[],"potions":["SteroidPotion"]},{"floor":55,"relics":[],"potions":["AttackPotion"]}],"chose_seed":false,"campfire_upgraded":6,"win_rate":0,"floor_exit_playtime":[86,92,110,318,355,367,390,397,402,560,715,847,1086,1162,1183,1391,1742,1885,1967,2160,2300,2361,2399,2625,2631,2636,2762,2772,2899,2991,3371,3415,3720,3770,3909,3956,4049,4064,4161,4304,4310,4412,4417,4432,4575,4707,4718,4830,4859,5111,5714,5728,5753,5813,5957,6173],"timestamp":1654549668,"blue_key_relic_skipped_log":{"floor":43,"relicID":"Strawberry"},"path_taken":["M","?","?","M","$","R","E","R","T","R","E","M","E","?","R","BOSS","M","?","M","?","?","R","M","?","T","E","R","E","M","E","R","BOSS","M","?","?","?","M","E","R","E","T","$","M","?","R","E","R","BOSS","BOSS","R","$","E","BOSS"],"build_version":"2022-03-07","purchased_purges":2,"victory":true,"max_hp_per_floor":[66,66,66,66,66,66,66,66,66,66,66,66,66,66,66,66,66,66,71,71,71,71,71,71,71,71,71,71,71,71,71,71,71,71,71,71,71,71,71,71,71,71,71,71,71,71,71,71,71,71,71,71,71,71,71,71],"relic_stats":{"counters":[28,136],"Eternal Feather":11,"The Courier":134,"Omamori":0,"Orichalcum":[120],"War Paint":["Survivor","Defend_G"],"Peace Pipe":4,"Centennial Puzzle":[5],"Nunchaku":[0],"Matryoshka":1,"Bronze Scales":[461],"obtain_stats":[{"NeowsBlessing":0,"Oddly Smooth Stone":9,"Eternal Feather":42,"Thread and Needle":46,"The Courier":26,"Omamori":27,"Orichalcum":13,"War Paint":48,"Akabeko":40,"Peace Pipe":36,"SlaversCollar":34,"Centennial Puzzle":43,"Nunchaku":55,"Matryoshka":31,"HornCleat":37,"DollysMirror":37,"Bronze Scales":11,"Red Mask":38,"Toxic Egg 2":7,"StrikeDummy":29,"Ring of the Snake":0,"Runic Pyramid":17},{"NeowsBlessing":0,"Oddly Smooth Stone":3,"Eternal Feather":21,"Thread and Needle":23,"The Courier":12,"Omamori":13,"Orichalcum":6,"War Paint":24,"Akabeko":20,"Peace Pipe":18,"SlaversCollar":17,"Centennial Puzzle":21,"Nunchaku":27,"Matryoshka":16,"HornCleat":18,"DollysMirror":18,"Bronze Scales":4,"Red Mask":18,"Toxic Egg 2":3,"StrikeDummy":14,"Ring of the Snake":0,"Runic Pyramid":8},{"NeowsBlessing":0,"Oddly Smooth Stone":3,"Eternal Feather":89,"Thread and Needle":97,"The Courier":48,"Omamori":51,"Orichalcum":16,"War Paint":101,"Akabeko":86,"Peace Pipe":78,"SlaversCollar":72,"Centennial Puzzle":89,"Nunchaku":129,"Matryoshka":64,"HornCleat":78,"DollysMirror":78,"Bronze Scales":8,"Red Mask":78,"Toxic Egg 2":3,"StrikeDummy":56,"Ring of the Snake":0,"Runic Pyramid":28}],"Ring of the Snake":[56]},"card_choices":[{"not_picked":["Prepared","Bane"],"picked":"Flying Knee","floor":1},{"not_picked":["Calculated Gamble","Cloak And Dagger"],"picked":"Quick Slash","floor":4},{"not_picked":["Quick Slash","Tactician+1"],"picked":"Glass Knife","floor":7},{"not_picked":["Expertise+1","Sucker Punch"],"picked":"Backflip+1","floor":11},{"not_picked":["Storm of Steel+1","Predator"],"picked":"Prepared+1","floor":12},{"not_picked":["Backflip+1","Poisoned Stab"],"picked":"After Image","floor":13},{"not_picked":["Predator","Deadly Poison+1"],"picked":"Escape Plan+1","floor":14},{"not_picked":["After Image","Bullet Time+1"],"picked":"Burst+1","floor":16},{"not_picked":["Backflip+1","Deflect+1"],"picked":"Tactician+1","floor":18},{"not_picked":["Prepared+1","Bane"],"picked":"Catalyst+1","floor":20},{"not_picked":["Dagger Throw","Caltrops+1"],"picked":"Backflip+1","floor":21},{"not_picked":["Sucker Punch","Deflect+1"],"picked":"Crippling Poison+1","floor":24},{"not_picked":["Prepared+1","Dagger Spray"],"picked":"Wraith Form v2","floor":27},{"not_picked":["Dagger Throw","Endless Agony","Bane+1"],"picked":"SKIP","floor":29},{"not_picked":["Dash","Sucker Punch"],"picked":"Acrobatics+1","floor":30},{"not_picked":["Terror+1","Skewer","Blur+1"],"picked":"SKIP","floor":31},{"not_picked":["Phantasmal Killer+1","Glass Knife"],"picked":"Corpse Explosion+1","floor":33},{"not_picked":["Deflect+1","Deadly Poison+1"],"picked":"Outmaneuver+1","floor":35},{"not_picked":["Distraction+1","Outmaneuver+1"],"picked":"Calculated Gamble+1","floor":39},{"not_picked":["Deadly Poison+1","Eviscerate+1","Quick Slash+1"],"picked":"SKIP","floor":40},{"not_picked":["Quick Slash","Cloak And Dagger+1","Slice"],"picked":"SKIP","floor":42},{"not_picked":["Endless Agony+1","Finisher+1","Dagger Spray"],"picked":"SKIP","floor":45},{"not_picked":["Envenom","Cloak And Dagger+1","Flying Knee+1"],"picked":"SKIP","floor":48},{"not_picked":["Well Laid Plans","Noxious Fumes","Corpse Explosion+1"],"picked":"SKIP","floor":55},{"not_picked":["Well Laid Plans","Noxious Fumes","Corpse Explosion+1"],"picked":"SKIP","floor":55}],"player_experience":12937249,"relics_obtained":[{"floor":7,"key":"Toxic Egg 2"},{"floor":9,"key":"Oddly Smooth Stone"},{"floor":11,"key":"Bronze Scales"},{"floor":13,"key":"Orichalcum"},{"floor":26,"key":"The Courier"},{"floor":27,"key":"Omamori"},{"floor":29,"key":"StrikeDummy"},{"floor":31,"key":"Matryoshka"},{"floor":40,"key":"Akabeko"},{"floor":42,"key":"Eternal Feather"},{"floor":43,"key":"Centennial Puzzle"},{"floor":46,"key":"Thread and Needle"},{"floor":48,"key":"War Paint"},{"floor":55,"key":"Nunchaku"}],"event_choices":[{"cards_removed":["Strike_G"],"damage_healed":0,"gold_gain":0,"player_choice":"Card Removal","damage_taken":7,"max_hp_gain":0,"max_hp_loss":0,"event_name":"Golden Wing","floor":2,"gold_loss":0},{"cards_removed":["Strike_G"],"damage_healed":0,"gold_gain":0,"player_choice":"Purged","damage_taken":0,"max_hp_gain":0,"max_hp_loss":0,"event_name":"Purifier","floor":3,"gold_loss":0},{"damage_healed":0,"gold_gain":0,"player_choice":"Got Potions","damage_taken":0,"max_hp_gain":0,"max_hp_loss":0,"event_name":"Lab","floor":19,"gold_loss":0},{"damage_healed":0,"gold_gain":0,"player_choice":"","damage_taken":6,"max_hp_gain":0,"max_hp_loss":0,"event_name":"Knowing Skull","floor":22,"potions_obtained":[],"gold_loss":0,"cards_obtained":[]},{"damage_healed":0,"gold_gain":0,"player_choice":"Ignored","damage_taken":0,"max_hp_gain":0,"max_hp_loss":0,"event_name":"Vampires","floor":25,"gold_loss":0},{"damage_healed":0,"gold_gain":0,"player_choice":"Paid Gold","damage_taken":0,"relics_obtained":["Peace Pipe"],"max_hp_gain":0,"max_hp_loss":0,"event_name":"WeMeetAgain","floor":36,"gold_loss":70},{"damage_healed":0,"gold_gain":0,"player_choice":"Paid","damage_taken":0,"relics_obtained":["Red Mask"],"max_hp_gain":0,"max_hp_loss":0,"event_name":"Tomb of Lord Red Mask","floor":38,"gold_loss":68},{"damage_healed":0,"gold_gain":0,"player_choice":"Fight","damage_taken":0,"max_hp_gain":0,"max_hp_loss":0,"event_name":"Mysterious Sphere","floor":46,"gold_loss":0}],"is_beta":false,"boss_relics":[{"not_picked":["Calling Bell","Coffee Dripper"],"picked":"Runic Pyramid"},{"not_picked":["Sozu","SacredBark"],"picked":"SlaversCollar"}],"items_purged_floors":[5,54],"is_endless":false,"potions_floor_spawned":[4,13,16,20,21,24,27,39,40,48,55],"ascension_level":20,"potion_discard_per_floor":[[],[],[],[],[],[],[],[],[],[],[],[],[],[],[],[],[],[],["Block Potion"],[],[],[],[],[],[],[],[],[],[],[],[],[],[],[],[],[],[],[],[],[],[],[],[],[],[],[],[],["Explosive Potion"],[],[],[],[],[],[],[],[],[]]}