{"gold_per_floor":[114,128,278,36,46,46,64,93,93,113,113,139,139,2,2,81,81,94,104,117,117,117,117,142,152,152,172,172,200,224,17,17,92,92,110,110],"floor_reached":36,"playtime":4930,"items_purged":["Doubt"],"score":924,"play_id":"381f055c-e3cd-4a0f-8963-69b0cced27bf","local_time":"20220708234232","is_ascension_mode":true,"campfire_choices":[{"data":"Glass Knife","floor":6,"key":"SMITH"},{"data":"Cloak And Dagger","floor":11,"key":"SMITH"},{"data":"Dagger Spray","floor":13,"key":"SMITH"},{"data":"Terror","floor":15,"key":"SMITH"},{"data":"Malaise","floor":23,"key":"SMITH"},{"floor":28,"key":"REST"},{"floor":32,"key":"REST"}],"neow_cost":"NONE","seed_source_timestamp":828510423810700,"shop_contents":[{"floor":4,"relics":["Tiny Chest","Bag of Preparation","Cauldron"],"cards":["Endless Agony","Catalyst","Bouncing Flask","Mind Blast","The Bomb"],"potions":["Weak Potion","Explosive Potion","SmokeBomb"]},{"floor":14,"relics":["Oddly Smooth Stone","Anchor","Medical Kit"],"cards":["Dagger Spray","Predator","Setup","Outmaneuver","Infinite Blades","Finesse","Panache"],"potions":["SpeedPotion","DistilledChaos","FearPotion"]},{"floor":31,"relics":["Juzu Bracelet","Bottled Lightning","Akabeko"],"cards":["Endless Agony","Dagger Spray","Outmaneuver","Deflect","Noxious Fumes+1","Impatience","Transmutation"],"potions":["Regen Potion","AttackPotion","Block Potion"]}],"circlet_count":0,"master_deck":["AscendersBane","Strike_G","Strike_G","Strike_G","Strike_G","Strike_G","Defend_G","Defend_G","Defend_G+1","Defend_G","Defend_G","Survivor+1","Neutralize","Cloak And Dagger+1","Masterful Stab","Glass Knife+1","Noxious Fumes","Blade Dance","Terror+1","Dagger Spray+1","Accuracy","Footwork","Malaise+1","CurseOfTheBell","Deflect+1","Leg Sweep","PiercingWail","RitualDagger","Deflect","Venomology","Calculated Gamble","Panacea","Burst","Well Laid Plans+1"],"potion_use_per_floor":[[],[],[],[],[],[],[],["EssenceOfSteel"],[],[],[],["Fire Potion"],[],[],[],[],[],["Weak Potion"],[],["Strength Potion"],[],[],[],["FearPotion","SteroidPotion"],[],[],[],[],[],[],[],[],["Fire Potion","SkillPotion","LiquidMemories"],[],["EssenceOfSteel"],["ColorlessPotion","AttackPotion","Dexterity Potion"]],"relics":["Ring of the Snake","Blood Vial","The Courier","War Paint","Darkstone Periapt","Calling Bell","Omamori","Blue Candle","CaptainsWheel","Kunai","Frozen Egg 2","ClockworkSouvenir","SlaversCollar"],"potions_floor_usage":[8,12,18,20,24,24,33,33,33,35,36,36,36],"damage_taken":[{"damage":30,"enemies":"Jaw Worm","floor":1,"turns":9},{"damage":0,"enemies":"2 Louse","floor":2,"turns":4},{"damage":0,"enemies":"Cultist","floor":5,"turns":3},{"damage":9,"enemies":"Exordium Wildlife","floor":7,"turns":4},{"damage":10,"enemies":"3 Sentries","floor":8,"turns":8},{"damage":0,"enemies":"3 Louse","floor":10,"turns":4},{"damage":4,"enemies":"Gremlin Nob","floor":12,"turns":3},{"damage":0,"enemies":"Slime Boss","floor":16,"turns":7},{"damage":9,"enemies":"Shell Parasite","floor":18,"turns":4},{"damage":0,"enemies":"Chosen","floor":19,"turns":3},{"damage":22,"enemies":"Shelled Parasite and Fungi","floor":20,"turns":4},{"damage":23,"enemies":"Slavers","floor":24,"turns":11},{"damage":0,"enemies":"Centurion and Healer","floor":25,"turns":7},{"damage":10,"enemies":"Snake Plant","floor":27,"turns":6},{"damage":5,"enemies":"Book of Stabbing","floor":29,"turns":7},{"damage":41,"enemies":"Collector","floor":33,"turns":13},{"damage":14,"enemies":"Orb Walker","floor":35,"turns":5},{"damage":46,"enemies":"3 Darklings","floor":36,"turns":8}],"seed_played":"-1888008984530361864","neow_bonus_log":{"cardsObtained":[],"cardsUpgraded":[],"cardsRemoved":[],"cardsTransformed":[],"relicsObtained":["Blood Vial"],"maxHpGained":0,"goldGained":0,"damageTaken":0,"goldLost":0,"maxHpLost":0},"potions_obtained":[{"floor":1,"key":"Fire Potion"},{"floor":5,"key":"EssenceOfSteel"},{"floor":8,"key":"Weak Potion"},{"floor":18,"key":"Strength Potion"},{"floor":20,"key":"FearPotion"},{"floor":27,"key":"Dexterity Potion"},{"floor":29,"key":"LiquidMemories"}],"is_trial":false,"path_per_floor":["M","M","?","$","M","R","M","E","T","M","R","E","R","$","R","B",null,"M","M","M","?","?","R","E","M","T","M","R","E","T","$","R","B",null,"M","M"],"character_chosen":"THE_SILENT","items_purchased":["Glass Knife","Noxious Fumes","SteroidPotion","Accuracy","Footwork","ClockworkSouvenir","Panacea"],"campfire_rested":2,"item_purchase_floors":[4,4,14,14,14,31,31],"current_hp_per_floor":[31,33,33,33,35,35,28,20,20,22,22,20,20,20,20,22,61,54,56,36,30,30,30,9,11,11,3,24,21,21,21,42,3,55,43,0],"gold":110,"neow_bonus":"RANDOM_COMMON_RELIC","is_prod":false,"is_daily":false,"rewards_skipped":[{"floor":29,"relics":["Dead Branch"],"potions":[]}],"chose_seed":false,"campfire_upgraded":5,"win_rate":0,"floor_exit_playtime":[670,718,724,1037,1069,1076,1124,1288,1294,1421,1479,1614,1621,1800,1808,2085,2389,2520,2573,2681,2687,2750,2829,3322,3424,3430,3520,3524,3748,3753,3880,3883,4350,4498,4590],"timestamp":1657338152,"blue_key_relic_skipped_log":{"floor":30,"relicID":"Boot"},"path_taken":["M","?","?","$","M","R","?","E","T","M","R","E","R","$","R","BOSS","M","?","?","?","?","R","E","M","T","M","R","E","?","?","R","BOSS","M","M"],"build_version":"2022-03-07","purchased_purges":1,"victory":false,"max_hp_per_floor":[66,66,66,66,66,66,66,66,66,66,66,66,66,66,66,66,72,72,72,72,72,72,72,72,72,72,72,72,72,72,72,72,72,72,72,72],"relic_stats":{"Blood Vial":36,"Darkstone Periapt":6,"counters":[18,110],"Blue Candle":[4],"The Courier":85,"Omamori":0,"Kunai":[20],"War Paint":["Survivor","Defend_G"],"obtain_stats":[{"Darkstone Periapt":12,"Blue Candle":17,"The Courier":8,"Omamori":17,"War Paint":9,"Frozen Egg 2":26,"ClockworkSouvenir":31,"Blood Vial":0,"Calling Bell":17,"SlaversCollar":34,"CaptainsWheel":17,"Kunai":24,"Ring of the Snake":0},{"Darkstone Periapt":7,"Blue Candle":8,"The Courier":5,"Omamori":8,"War Paint":5,"Frozen Egg 2":13,"ClockworkSouvenir":15,"Blood Vial":0,"Calling Bell":8,"SlaversCollar":16,"CaptainsWheel":8,"Kunai":12,"Ring of the Snake":0},{"Darkstone Periapt":35,"Blue Candle":42,"The Courier":28,"Omamori":42,"War Paint":28,"Frozen Egg 2":71,"ClockworkSouvenir":84,"Blood Vial":0,"Calling Bell":42,"SlaversCollar":97,"CaptainsWheel":42,"Kunai":64,"Ring of the Snake":0}],"Ring of the Snake":[36]},"card_choices":[{"not_picked":["Sucker Punch","Dodge and Roll"],"picked":"Cloak And Dagger","floor":1},{"not_picked":["Setup","Backflip"],"picked":"Masterful Stab","floor":2},{"not_picked":["Distraction","Sucker Punch","Reflex"],"picked":"SKIP","floor":5},{"not_picked":["Prepared","Finisher","Skewer"],"picked":"SKIP","floor":7},{"not_picked":["Riddle With Holes","Grand Finale"],"picked":"Blade Dance","floor":8},{"not_picked":["Expertise","Cloak And Dagger"],"picked":"Terror","floor":10},{"not_picked":["Slice","Concentrate"],"picked":"Dagger Spray","floor":12},{"not_picked":["Corpse Explosion","Tools of the Trade"],"picked":"Malaise","floor":16},{"not_picked":["Terror+1","Prepared"],"picked":"Deflect+1","floor":18},{"not_picked":["Prepared+1","Flying Knee"],"picked":"Leg Sweep","floor":19},{"not_picked":["Deadly Poison","Accuracy"],"picked":"PiercingWail","floor":20},{"not_picked":["Prepared","Dagger Throw","Underhanded Strike"],"picked":"SKIP","floor":24},{"not_picked":["Blur","Flying Knee"],"picked":"Deflect","floor":25},{"not_picked":["Cloak And Dagger","Flying Knee"],"picked":"Venomology","floor":27},{"not_picked":["Skewer","Unload"],"picked":"Calculated Gamble","floor":29},{"not_picked":["Adrenaline","Bullet Time"],"picked":"Burst","floor":33},{"not_picked":["Masterful Stab+1","Accuracy+1"],"picked":"Well Laid Plans+1","floor":35}],"player_experience":12999702,"relics_obtained":[{"floor":8,"key":"The Courier"},{"floor":9,"key":"War Paint"},{"floor":12,"key":"Darkstone Periapt"},{"floor":17,"key":"Omamori"},{"floor":17,"key":"Blue Candle"},{"floor":17,"key":"CaptainsWheel"},{"floor":24,"key":"Kunai"},{"floor":26,"key":"Frozen Egg 2"}],"event_choices":[{"damage_healed":0,"gold_gain":150,"player_choice":"AGREE","damage_taken":0,"max_hp_gain":0,"max_hp_loss":0,"event_name":"Liars Game","floor":3,"gold_loss":0,"cards_obtained":["Doubt"]},{"damage_healed":0,"gold_gain":0,"player_choice":"Joined the Cult","damage_taken":6,"max_hp_gain":0,"max_hp_loss":0,"event_name":"Nest","floor":21,"gold_loss":0,"cards_obtained":["RitualDagger"]},{"damage_healed":0,"gold_gain":0,"player_choice":"Ignored","damage_taken":0,"max_hp_gain":0,"max_hp_loss":0,"event_name":"Cursed Tome","floor":22,"gold_loss":0}],"is_beta":false,"boss_relics":[{"not_picked":["Fusion Hammer","Velvet Choker"],"picked":"Calling Bell"},{"not_picked":["Busted Crown","SacredBark"],"picked":"SlaversCollar"}],"items_purged_floors":[4],"is_endless":false,"potions_floor_spawned":[1,5,8,18,20,27,29],"killed_by":"3 Darklings","ascension_level":20,"potion_discard_per_floor":[[],[],[],[],[],[],[],[],[],[],[],[],[],[],[],[],[],[],[],[],[],[],[],[],[],[],[],[],["Dexterity Potion"],[],[],[],[],[],[],[]]}